2910 4698
215 447 333 510 initium
351 464 409 510 nac
430 446 520 510 linem
544 447 660 528 capiet)
687 453 717 509 et
740 446 880 510 interitus
902 445 1001 528 potius
1024 451 1112 525 quam
1134 449 1219 508 ortus
1240 459 1319 506 cau-

215 575 291 620 sam.
336 554 487 636 Quidquid
511 555 603 638 igitur
626 563 784 619 moveatur
810 555 876 618 sive
904 555 935 617 in
967 553 1055 617 coelo
1078 554 1199 618 sivein
1222 558 1316 632 terra,

215 664 245 728 id
268 665 300 726 in
326 672 463 746 tempore
493 682 583 744 esse,
618 665 697 744 quod
727 665 859 746 pendeat
881 663 918 727 ab
950 663 1106 726 intellectu
1127 667 1316 726 numerante.

214 774 347 837 Tandem
380 791 450 837 esse
484 781 600 854 tempus
633 776 845 856 κοκλοφορίος
875 773 1063 854 potissimum
1086 789 1264 852 numerum,
1299 790 1317 833 e

215 901 275 966 quo
300 884 553 964 primoomnium
579 889 661 945 motu
692 883 879 963 reliquorum
909 889 1041 946 motuum
1067 889 1097 946 et
1124 883 1219 963 ipsius
1238 887 1320 946 tem-

215 994 299 1075 poris
323 1011 464 1057 mensura
488 991 666 1055 deducatur.

284 1516 480 1584 Aristotelis
505 1517 545 1582 de
568 1521 680 1600 spolio
706 1517 860 1582 doctrino
888 1521 921 1581 in
942 1535 1082 1582 examen
1103 1520 1252 1580 vocatur.

316 1668 498 1746 Postquam,
523 1683 578 1745 pro
603 1665 741 1747 angustis
767 1665 861 1727 libelli
884 1665 992 1728 linibus
1018 1663 1245 1727 Aristotelicum
1277 1662 1326 1728 de¹

216 1777 314 1858 spatio
334 1783 531 1856 temporeque
555 1773 726 1836 doctrinam
760 1775 971 1854 exposuimus,
994 1780 1130 1837 nostrum
1154 1773 1221 1850 erit,
1244 1771 1316 1852 quid

214 1886 362 1948 sitrecte
387 1883 500 1945 dictum
525 1882 648 1962 etquid
676 1885 774 1947 minus
798 1884 977 1946 diiudicare.
1022 1883 1055 1944 ln
1077 1899 1136 1962 quo
1169 1881 1317 1961 edispu-

215 1993 339 2056 tationis
370 1991 479 2055 ordine
507 1993 553 2055 sic
575 1991 830 2073 progrediemur,
854 1998 904 2070 ut,
927 1993 1049 2075 integro
1073 1993 1208 2056 omniex
1231 1996 1317 2071 parte

215 2102 328 2165 iudicio
350 2101 578 2182 praetermisso,
602 2108 744 2182 tanquam
767 2101 800 2163 in
832 2101 926 2182 ipsius
949 2101 1111 2184 stagiritae
1141 2100 1213 2163 loco
1238 2117 1317 2162 con-

214 2212 309 2274 stituti
331 2215 466 2272 nostram
489 2209 517 2271 ei
537 2227 703 2288 ,censuram
727 2210 936 2274 adhibeamus.
989 2211 1089 2290 Atque
1117 2210 1236 2272 etiamsi
1258 2227 1317 2272 na-

214 2325 280 2384 tura
302 2321 349 2384 rel
371 2319 519 2400 postulet,
542 2326 584 2399 ut,
610 2321 784 2400 priusquam
804 2320 841 2382 ad
865 2319 926 2381 loci
949 2319 1198 2383 diiudicationem
1222 2335 1317 2384 acce-

215 2430 338 2508 damus,
371 2428 410 2492 de
438 2435 575 2508 tempore
598 2435 718 2491 constet
738 2432 802 2508 ti),
825 2435 926 2494 tamen
950 2447 1038 2509 quam
1059 2430 1241 2493 Aristoteles
1264 2431 1317 2491 in-

213 2551 340 2623 gressus
363 2541 427 2616 est,
449 2538 528 2600 viam
550 2537 733 2602 servandam
763 2556 833 2603 esse
856 2539 1054 2619 credidimus,
1086 2557 1145 2619 nc,
1170 2541 1221 2621 qui
1242 2539 1320 2602 buc-
1351 2523 1353 2528 ’
1441 2521 1442 2538 ’

214 2653 310 2727 usque
341 2646 515 2725 tenebatur,
552 2646 630 2709 ordo
664 2647 896 2729 disceptationis
923 2649 1160 2712 subverteretur.
1216 2650 1320 2730 ltaque

215 2756 343 2837 primum
364 2754 530 2818 videndum
553 2761 599 2817 est
623 2756 801 2836 despatio,
834 2757 935 2836 qualia
961 2763 990 2820 et
1012 2763 1085 2838 quot
1116 2759 1180 2821 eius
1202 2773 1320 2840 genera

215 2863 366 2941 statuerit,
391 2862 625 2943 tenendumque,
649 2863 696 2925 sic
716 2869 745 2925 et
766 2863 879 2926 rationi
901 2866 1068 2928 convenire
1090 2872 1120 2927 et
1143 2865 1319 2929 necessitati

217 2973 343 3038 criticae
363 2971 556 3052 disciplinae,
578 2978 610 3035 ut
631 2971 762 3054 singulis
786 2974 958 3038 communia
981 2975 1220 3055 praemittantur.

301 3083 327 3142 l.
370 3079 459 3161 Apud
483 3080 680 3144 Aristotelem
702 3080 859 3144 distinctio
874 3083 956 3145 valet
977 3083 1037 3144 toci
1059 3083 1223 3145 comestoris
1245 3082 1319 3159 (rd-

214 3209 275 3276 οοο
298 3189 421 3263 κανοῦ)
449 3193 479 3251 et
500 3189 666 3268 ainqolorr's
700 3205 725 3251 s.
747 3190 871 3269 proprii
905 3188 1017 3265 (τόοοο
1039 3191 1160 3271 ἰδίου),
1189 3207 1318 3271 quorum

213 3298 273 3358 iam
295 3298 326 3358 in
348 3301 487 3359 naturam
510 3296 777 3378 diversitatemque
798 3304 932 3379 praestat
954 3297 1128 3382 diligentius
1149 3301 1316 3381 inquirere.

213 3407 287 3470 Nam
318 3406 370 3468 ubi
402 3406 464 3468 lloc
494 3404 659 3468 discrimen
682 3408 804 3470 statuit:
834 3405 927 3479 τόοος
955 3405 971 3468 ὁ
1003 3409 1062 3485 μὲν
1089 3411 1208 3484 κοινός,
1237 3399 1318 3498 abab

212 3512 335 3576 droam
355 3513 393 3576 τοὶ
415 3512 546 3592 σώματά
570 3517 662 3598 ἐστιν,
685 3513 703 3578 o‘
726 3517 753 3578 δ’
774 3512 865 3598 ἴδιος,
888 3519 920 3579 ἐν
940 3507 964 3605 ᾧ
986 3517 1128 3600 πρώτως,
1151 3518 1248 3580 locum
1271 3519 1317 3600 aa)

282 3708 328 3778 45)
350 3707 383 3758 ci.
404 3706 481 3774 Phys.
512 3707 601 3772 lus:
630 3711 743 3780 πρῶτον
775 3712 829 3783 μὲν
858 3705 909 3765 οὖν
932 3709 1120 3778 κατανοῆσαι,
1147 3711 1189 3767 διο
1208 3710 1258 3767 οὐκ
1278 3711 1316 3770 ἄν

212 3802 356 3868 ἰζηοεῖτοὸ
376 3806 471 3866 τόπος,
486 3808 512 3857 εἰ
526 3799 563 3876 μὴ
583 3811 692 3873 κίνησίς
708 3826 750 3866 τις
767 3807 890 3877 (ideoque
909 3815 934 3856 ct
951 3814 1062 3874 tempus,
1080 3808 1149 3875 quod
1169 3817 1208 3860 est
1228 3809 1315 3881 ἀριθ·

211 3896 266 3970 μὸς
284 3899 432 3966 κινήσεως)
451 3893 489 3968 ἦν
507 3900 522 3966 ἤ
540 3896 612 3955 κατὰ
632 3902 729 3958 τόπον.

282 3992 362 4066 ib)d
391 3995 475 4054 τόπος
499 3996 630 4066 significat
654 4005 680 4048 et
707 3998 818 4064 spatium
840 3997 948 4067 (Reum)
979 4008 1005 4051 et
1035 3999 1120 4052 locum
1152 4000 1314 4072 (01·t);nam

213 4091 262 4142 etsi
282 4090 333 4144 duo
354 4092 380 4143 in
399 4092 573 4144 Aristotelicis
600 4091 671 4143 libris
696 4101 797 4145 exstant
824 4094 951 4146 vocabula
975 4097 1062 4156 τόπος
1090 4106 1115 4148 et
1141 4093 1224 4168 χώρα
1253 4097 1315 4169 (boc

212 4189 288 4255 spatii
307 4187 461 4257 plerumque
483 4188 535 4241 vim
561 4187 671 4260 babens)
702 4199 753 4240 tam
780 4191 873 4244 acriter
901 4201 984 4243 tamen
1011 4205 1062 4245 non
1084 4202 1265 4262 secernuntur,
1285 4201 1314 4248 ut

213 4295 265 4336 ron
284 4285 432 4352 promiscue
451 4294 529 4338 usum
547 4293 595 4355 pro
614 4283 696 4340 altero
716 4294 865 4354 usurpatam
884 4287 1036 4357 reperiatur.
