2910 4698
602 293 808 359 ...95-

156 469 306 548 dirersis,
327 487 405 550 quae
428 477 515 548 sunt,
539 470 716 535 substantiis
739 472 805 534 sire
827 470 918 534 linitis
940 472 1007 533 slve
1030 470 1177 534 absolutis
1200 469 1258 532 eli-

169 583 219 641 cit.
265 580 330 654 Qua
352 580 422 662 lege
443 595 517 642 usus
541 581 657 644 animus
679 581 758 642 bane
789 581 848 643 sibi
871 580 957 661 iungit
977 581 1122 660 temporis
1152 579 1260 659 spatii-

162 705 222 770 que
244 689 416 752 notionem:
445 687 571 767 Tempus
594 697 622 750 et
643 689 775 768 spatium
795 693 867 749 eunt
884 688 1060 750 essentiales
1080 685 1258 768 qualiscun-

161 815 219 878 que
241 797 565 884 existentiaeformue,
588 797 717 859 conditio
735 799 801 860 sine
815 815 876 877 qua
894 798 1007 860 nullum
1026 815 1060 858 ae
1075 796 1260 876 principium

161 908 361 988 manifestere
379 913 487 986 puteat.
533 907 588 970 Cui
610 907 778 974 definitioni
800 906 943 969 nonnulla
968 906 1084 969 addere
1105 905 1213 986 placet.

153 1035 156 1042 ’
262 1023 297 1098 a)
327 1018 424 1092 Quum
455 1033 655 1097 unaquaeque
686 1017 846 1080 existentia
878 1035 896 1079 e
927 1020 1062 1096 tempure
1098 1022 1127 1076 et
1156 1015 1253 1094 spatie

160 1127 307 1207 pendeat,
328 1126 450 1188 dubium
474 1144 536 1188 non
559 1132 622 1204 est,
646 1127 734 1206 quin,
757 1125 930 1206 ubieunque
952 1131 1087 1205 tempus,
1110 1124 1153 1186 ibi
1184 1141 1257 1205 spa-

158 1235 231 1297 tium
255 1235 305 1314 sit,
329 1241 358 1298 et
375 1235 445 1298 viee
466 1253 566 1313 versa,
590 1235 630 1296 ita
652 1242 694 1314 ut,
715 1236 741 1297 si
765 1235 832 1315 quis
854 1235 955 1298 anime
976 1239 1105 1314 tempus,
1128 1239 1255 1296 naturae

159 1343 257 1408 solum
281 1343 409 1422 spatium
439 1343 597 1424 assignat,
630 1343 656 1404 is
688 1343 895 1405 diversitatem
926 1343 1084 1421 utriusque
1112 1341 1254 1422 principii

150 1453 294 1517 lunditus
318 1458 435 1514 evertat
455 1459 485 1514 et
504 1469 594 1514 uuum
614 1458 706 1532 ponat
718 1453 911 1532 principium,
933 1451 1018 1513 euius
1039 1457 1146 1514 natura
1164 1457 1253 1532 atque

161 1562 279 1627 animus
311 1561 523 1641 phaenomena
555 1561 625 1622 sint.
679 1560 767 1634 Quod
803 1560 924 1640 quidem
961 1560 1141 1640 principium
1175 1559 1254 1622 ultro

160 1672 263 1735 statim
286 1670 316 1732 in
334 1671 428 1732 Deum
452 1669 541 1732 eadat
562 1687 693 1732 necesse
716 1675 773 1747 est,
796 1670 882 1732 euius
903 1675 964 1730 tum
989 1669 1048 1732 vita
1071 1675 1100 1732 at
1121 1669 1255 1730 manile-

162 1781 253 1843 statie
276 1780 307 1840 in
321 1779 434 1841 mundo
458 1785 626 1841 versantur.
673 1779 756 1841 ldem
776 1778 848 1840 inde
870 1779 1016 1857 sequitur,
1039 1777 1118 1858 quod
1138 1779 1255 1845 animus

163 1891 189 1952 si
212 1906 321 1969 perse
343 1888 451 1951 localis
475 1906 537 1951 non
560 1895 617 1966 est,
643 1889 787 1969 quamdiu
809 1889 840 1956 in
863 1888 987 1952 homine
1009 1894 1160 1966 versatur,
1184 1906 1257 1952 eor-

163 1999 247 2079 poris
271 1999 358 2078 quasi
381 1997 553 2060 suillamIne
575 1998 645 2078 quin
670 1997 706 2059 ad
724 2015 870 2060 summam
893 1997 1061 2078 sapientiae
1077 1998 1257 2077 virtutisque

161 2106 351 2168 altitudinem
375 2106 486 2182 evolet,
510 2105 674 2184 inhibetur,
698 2106 842 2169 dimissus
864 2112 998 2172 auteme
1021 2124 1147 2169 caruere
1168 2107 1257 2168 simul

162 2213 507 2278 relativitatis‘vineulis
537 2214 724 2277 relaxabitur
745 2233 862 2295 eoque,
886 2214 967 2277 unde
990 2215 1157 2294 emanavit,
1184 2217 1203 2277 i.
1228 2235 1255 2280 a.

161 2324 199 2386 ad
224 2323 394 2388 absolutum
416 2324 477 2385 πᾶν
499 2323 646 2386 liberatus
667 2324 789 2386 redibit.

262 2429 296 2510 b)
314 2431 444 2510 Tempus
468 2438 497 2494 et
528 2433 674 2511 spatium,
704 2438 737 2493 ut
763 2451 854 2515 supra
884 2434 1096 2514 exposuimus,
1120 2433 1256 2495 cuiusuis

153 2539 343 2603 existentiae
366 2539 480 2604 formas
508 2543 710 2620 constituunt,
733 2541 815 2605 unde
840 2560 1032 2624 consequens
1056 2549 1118 2621 est,
1146 2548 1179 2605 ut
1199 2561 1255 2624 pro

151 2649 345 2722 *diversitate
379 2649 561 2712 existentiae
597 2651 667 2714 illae
699 2668 820 2732 quoque
854 2653 971 2715 formae
1003 2651 1154 2717 dilierant.
1205 2653 1259 2716 list

136 2760 255 2843 sigitur
277 2765 337 2822 tam
360 2760 505 2841 temporis
523 2766 553 2823 et
573 2762 662 2841 spatii
686 2779 775 2841 quam
797 2762 950 2825 essentiae
973 2762 1085 2842 duplex
1102 2762 1192 2841 ratio,
1216 2763 1257 2826 ita

157 2873 191 2929 ut
210 2867 325 2945 finitum
345 2873 460 2944 tempus
484 2874 514 2927 et
533 2871 666 2944 spatium
685 2871 722 2932 ab
746 2868 893 2931 absolutis
916 2871 1028 2932 eisdem
1050 2871 1158 2950 formis
1180 2887 1256 2950 pro-

151 2977 234 3040 ·inde
257 2975 394 3054 separari
424 2981 620 3052 oporteatne
654 2977 798 3038 relativas
827 2978 1012 3042 substantias
1041 2977 1079 3040 ab
1107 2978 1254 3040 absoluta.

161 3083 215 3145 Cui
245 3081 389 3144 divisioni
418 3088 542 3163 propter
570 3083 719 3162 duplicem
752 3085 830 3146 entis
860 3083 981 3146 relativi
1014 3087 1163 3146 rationem
1197 3087 1255 3148 alia

162 3191 291 3255 aceedit.
335 3192 410 3254 Nam
433 3208 523 3270 quum
545 3192 607 3253 sint
631 3192 691 3253 dua
720 3193 798 3254 intra
826 3193 1018 3257 relativitatis
1042 3194 1147 3256 orbem
1169 3195 1257 3275 prin-

161 3302 251 3380 cipia,
273 3300 366 3362 animi
380 3307 409 3361 et
430 3307 570 3379 naturae,
594 3300 661 3363 lieri
678 3318 738 3362 non
763 3308 872 3382 petest,
896 3304 968 3383 quin
992 3321 1047 3383 pro
1070 3304 1257 3366 substantia-

151 3428 224 3471 -rum
247 3408 452 3490 discrepantia
473 3417 590 3491 tempus
612 3427 733 3492 quoque
759 3418 788 3473 et
803 3412 931 3492 spatium
954 3412 1075 3476 diversa
1099 3413 1168 3474 sint.

658 3636 687 3704 s.
715 3631 763 3690 tt.

184 3745 391 3852 'Aristotelis
411 3778 451 3844 de
471 3784 583 3864 spatio
603 3787 636 3844 et
659 3788 804 3866 tempore
825 3781 980 3852 doctrina
1001 3802 1074 3856 eum
1095 3792 1212 3854 nestra

615 3889 799 3972 confertur.

254 4043 411 4125 Proposita
433 4044 493 4110 iam
520 4051 625 4110 nestra
656 4047 695 4110 de
724 4052 863 4129 tempure
891 4056 922 4118 et
953 4051 1051 4131 spatia
1082 4051 1245 4130 sententie,

154 4148 214 4215 tae
233 4156 347 4216 tantum
366 4158 515 4234 superest,
537 4160 570 4219 ut
592 4154 631 4220 de
654 4157 762 4240 quibus
779 4157 961 4226 Aristoteles
984 4157 1144 4226 nobiseum
1168 4157 1248 4226 idern

152 4258 267 4326 sentiat
291 4259 382 4344 etde
403 4259 511 4346 quibus
527 4261 701 4348 dissentiat,
722 4266 818 4350 prebe
841 4266 1044 4335 audieramus.
