2910 4698
222 421 254 494 in
285 421 394 486 eodem
422 427 492 484 sunt
524 420 605 486 enim
640 419 880 502 contingentium
909 423 1046 482 extrema
1061 421 1100 495 ⁹).
1152 413 1317 480 intercedit

221 538 320 598 autem
342 531 402 593 hoc
425 531 505 594 inter
528 530 704 594 continuum
726 530 966 611 contiguumque
986 525 1168 604 discrimen,
1189 531 1222 587 ut
1244 524 1320 586 iilud

221 659 288 702 com
310 658 348 704 eo
373 641 456 718 (μετ’
478 641 628 718 dacrion),
653 658 782 720 quocum
805 656 975 704 connexum
998 638 1047 715 sit,
1068 641 1227 698 moveatur
1248 640 1322 696 tan-

220 767 308 830 quam
329 767 400 830 pars
423 768 491 812 cum
513 755 599 826 toto;
622 749 682 812 hoc
704 765 780 812 vero
803 747 835 808 io
858 765 895 810 eo
913 742 963 824 (ἐν
977 747 1111 832 ἐκείνῳ),
1135 762 1195 826 quo
1214 743 1318 806 conti-

221 864 330 923 neatur
351 865 494 938 tanquam
517 859 548 920 in
570 877 655 920 vase.

319 967 452 1030 Proinde
488 965 674 1046 pedetentim
714 965 877 1028 inchoatae
915 963 1131 1045 disceptationi
1172 961 1320 1024 insistens

220 1075 344 1139 uberius
366 1075 550 1138 Aristoteles
579 1080 743 1155 pertractat
773 1075 1000 1154 quaestionem,
1026 1073 1098 1154 quid
1128 1072 1251 1135 tandem
1279 1071 1321 1134 sit

221 1185 309 1248 iocus
333 1202 372 1246 cx
394 1192 523 1266 qrratuor
547 1185 611 1246 his:
636 1185 747 1261 forma,
772 1221 811 1232 -
832 1184 969 1262 materia,
994 1221 1030 1232 -
1055 1181 1217 1246 intervallo
1240 1181 1321 1246 inter

221 1300 357 1358 extrema
380 1295 425 1371 (h.
450 1312 477 1355 e.
506 1292 691 1356 continentis
721 1292 931 1373 superficiem)
962 1291 1124 1355 interiecto
1142 1297 1202 1370 ¹⁰),
1227 1327 1264 1340 -
1289 1295 1321 1354 et

221 1403 366 1468 extremis
389 1402 436 1464 his
461 1401 535 1482 ipsis
558 1402 741 1464 continentis
761 1402 911 1484 corporis.
956 1402 1018 1464 Iam
1040 1401 1121 1463 enim

289 1515 323 1589 1]
347 1513 449 1594 formo
483 1529 663 1592 quamquam
695 1530 763 1576 cum
790 1512 861 1575 loco
890 1511 921 1573 id
952 1511 1045 1574 habet
1075 1526 1255 1588 commune,
1287 1514 1321 1570 ut

223 1623 322 1704 πέρας
341 1622 390 1700 sit,
416 1628 518 1684 tamen
538 1621 625 1684 locus
649 1628 790 1700 nonest,
855 1621 1061 1701 andoquidcm
1084 1620 1165 1682 haud
1188 1619 1316 1700 perinde

223 1748 258 1796 se
286 1730 377 1792 habet
403 1731 560 1812 utriusque
592 1737 772 1794 extremum.
813 1639 880 1794 qEst
911 1730 990 1792 enim
1022 1730 1121 1794 forma
1150 1734 1317 1792 extremum

220 1840 267 1903 rei
290 1839 328 1902 ab
350 1840 407 1902 hac
432 1857 494 1902 non
518 1839 741 1920 separandum,
764 1839 851 1902 locus
882 1845 989 1902 contra
1018 1845 1186 1902 extremum
1214 1838 1318 1901 conti-

222 1949 321 2012 nentis
348 1951 488 2029 corporis
511 1949 548 2012 ab
572 1967 629 2029 eo,
653 1949 734 2030 quod
757 1949 824 2030 ipse
848 1949 1080 2029 complectitur,
1110 1954 1140 2011 et
1162 1949 1315 2014 diversum

222 2064 253 2122 et
273 2057 505 2140 seiungendum.
954 2117 957 2124 s

244 2245 245 2248 Ἴ
285 2170 321 2247 9)
343 2167 438 2231 Ροττο
461 2186 499 2231 ne
524 2166 686 2230 intercedo
715 2167 836 2248 quidem
859 2169 918 2231 isto
941 2187 996 2232 seu
1019 2185 1136 2242 occec,
1162 2168 1243 2248 quod
1264 2187 1319 2232 re-

222 2285 304 2346 moto
320 2278 410 2341 etiam
433 2296 564 2358 corpore
580 2283 750 2356 remaneat,
775 2284 919 2340 constare
940 2278 1027 2341 locus
1042 2284 1143 2359 potest
1156 2283 1318 2358 propterea

223 2388 305 2468 quod
327 2387 440 2450 nullum
463 2385 615 2450 eiusmodi
637 2393 737 2450 exstat
761 2387 963 2451 intervallum.
1009 2388 1097 2463 Quod
1121 2388 1162 2450 ita
1196 2405 1267 2450 esse
1295 2383 1317 2450 'e

221 2498 356 2579 pluribus
377 2497 449 2560 licet
472 2497 658 2578 argumentis
680 2498 867 2578 perspicere.
912 2499 986 2561 Nam
1008 2504 1220 2578 praeterquam
1236 2496 1317 2577 quod

220 2606 302 2670 atiud
335 2624 472 2686 semper,
496 2623 557 2668 rano
581 2612 720 2684 remoto,
750 2607 889 2668 succedit
911 2625 1040 2687 corpus,
1061 2606 1177 2681 infinita
1200 2611 1316 2684 essent,

220 2716 247 2778 si
272 2715 445 2801 istiusmodi
468 2732 596 2776 vacuum
613 2720 764 2778 statueres
787 2715 991 2794 intervallum,
1014 2733 1070 2796 pro
1089 2716 1226 2796 quolibet
1243 2734 1318 2779 suc-

223 2825 352 2889 cedente
374 2841 504 2904 corpore
527 2823 618 2903 loca,
649 2825 792 2905 quoniam
815 2844 1016 2906 unaquaeque
1045 2844 1116 2906 pars
1147 2843 1234 2890 suum
1261 2845 1318 2906 per

220 2952 255 2998 se
276 2934 413 3012 haberet,
437 2933 517 2996 sicut
538 2940 599 2997 tota
624 2951 686 3014 res,
710 2935 822 3015 locum,
848 2955 915 2999 cum
939 2954 1071 3018 corpore
1095 2937 1133 2999 ad
1157 2936 1248 2999 alium
1269 2937 1318 2999 lo-

221 3061 288 3105 cum
312 3043 567 3122 movendum.¹¹).
620 3046 660 3106 At
686 3063 783 3124 vero,
814 3046 842 3108 si
872 3065 930 3127 qua
962 3052 1195 3125 resumeretur,
1230 3047 1316 3109 huius

171 3151 173 3156 ‘
220 3159 321 3232 partes
347 3170 409 3215 non
433 3159 582 3232 quaerunt
605 3153 695 3217 alium
717 3153 838 3233 locum,
861 3156 917 3220 sed
948 3173 1003 3218 vas
1027 3161 1142 3219 tantum
1173 3156 1223 3219 vel
1253 3175 1319 3220 am-

319 3407 348 3473 9)
368 3409 398 3462 ἐν
423 3399 480 3478 γὰρ
500 3425 537 3478 τῳ
558 3404 633 3478 αὐτῷ
652 3403 685 3460 τὰ
706 3412 811 3477 ἔσχατα
832 3407 888 3461 τῶν
907 3404 1084 3479 ἁπτομένων.

327 3503 371 3570 10)
391 3501 532 3573 διάστημα
552 3495 582 3556 τὸ
603 3497 784 3576 pereffractis
805 3503 942 3574 ἐσχάτων.

329 3601 373 3666 tl)
393 3598 433 3652 Ex
451 3599 603 3651 Aristotelis
621 3600 743 3652 doctrina
766 3616 825 3668 pars
854 3601 955 3652 nullum
984 3599 1082 3650 habere
1107 3597 1194 3650 locum
1222 3604 1316 3665 potest,

226 3711 304 3764 quum
324 3695 397 3747 nulla
417 3697 613 3764 circumscripta
631 3699 665 3748 sit
685 3697 826 3766 superficie
845 3697 907 3748 loci.
952 3697 1040 3746 Posito
1065 3701 1152 3746 autem
1171 3709 1255 3747 vacuo
1274 3696 1316 3745 in-

226 3791 349 3856 tervallo,
371 3792 441 3860 quod
462 3809 476 3842 a
496 3809 539 3858 re,
560 3810 636 3862 quam
656 3795 766 3862 recipit,
785 3801 939 3861 penetretur
959 3807 1070 3845 necesse
1091 3799 1131 3843 est
1152 3791 1199 3858 (ci.
1221 3792 1266 3856 iV,
1285 3791 1316 3844 8:

224 3885 270 3940 out
291 3889 342 3942 τοῦ
359 3888 443 3959 κύβου
468 3884 499 3943 τὸ
520 3889 584 3945 ἴσον
608 3891 748 3963 διάστημα
768 3889 1023 3956 διεληλυθέναι
1049 3887 1170 3952 δόξειεν,
1194 3886 1263 3959 ὅπερ
1283 3882 1317 3954 ἦν

224 3987 271 4038 καὶ
296 3985 437 4057 πρότερον
460 3989 490 4041 ἐν
509 3991 545 4058 τῴ
567 3990 645 4057 κενῷ.
686 3985 782 4056 ὥσπερ
808 3984 845 4042 ἂν
863 3980 935 4040 εἰτὸ
957 3983 1032 4054 ὕδωρ
1050 3980 1088 4058 μὴ
1106 3991 1260 4058 μεθίστατο
1279 3985 1316 4056 τῷ

223 4085 323 4154 ξυλίνῳ
341 4081 493 4154 neppam
513 4083 526 4137 d
547 4081 608 4154 α’ἡρ,
629 4081 698 4136 diod
718 4083 828 4156 πάντῃ
849 4082 999 4156 deprecer
1020 4083 1062 4135 δι’
1081 4081 1204 4148 αὐτοῦ)
1225 4097 1314 4133 omncs

223 4177 299 4234 simul
322 4179 439 4254 cppporis
458 4186 547 4245 partes
565 4185 591 4229 et
611 4179 772 4230 ambirentur
790 4178 906 4245 undique
929 4184 955 4228 et
976 4192 1022 4242 per
1042 4193 1071 4227 sc
1096 4177 1122 4227 in
1148 4176 1208 4228 loco
1229 4185 1315 4252 essent

219 4289 327 4326 numero
346 4276 474 4342 infinitae,
497 4274 566 4326 unde
586 4275 751 4340 efficeretur,
771 4280 798 4322 ut
817 4273 919 4324 infinita
938 4272 1048 4338 proinde
1069 4272 1129 4325 loca
1150 4273 1245 4326 forent.
