2910 4698
640 231 845 288 *62-

99 427 102 436 ·
198 405 242 468 dit
265 405 478 486 existentiam,
502 406 589 468 cuius
612 405 651 468 ad
679 423 714 470 se
737 405 857 470 referre
881 421 1007 468 causam
1044 409 1192 485 nequeat,
1216 401 1299 465 aliud

199 522 307 596 ponat,
331 534 390 597 quo
420 516 471 578 illa
493 517 661 594 referatur,
692 515 884 595 principium·
935 516 1040 594 Neque
1072 513 1152 576 enim
1177 513 1296 574 animus

198 625 231 686 in
261 645 335 688 suae
362 626 619 708 recognoscenda
643 626 852 689 conscientiae
872 624 980 706 genesi
1004 625 1034 686 in
1057 641 1094 686 eo
1118 622 1298 702 acquiescit,

200 741 233 796 ut
257 736 407 799 olriectum
429 735 667 815 comprehendat
689 741 835 815 quatenus
860 735 1011 799 obiectum
1035 733 1101 796 sive
1125 732 1295 812 oppositum

201 849 248 906 est
272 843 419 924 cogitanti
441 843 600 921 subiecto,
623 842 677 905 sed
700 842 788 906 simul
814 843 886 911 illud
912 861 967 922 per
991 860 1025 906 se
1056 841 1172 922 cogitat
1203 847 1233 903 et
1265 840 1296 904 in

200 953 323 1034 propria
348 969 403 1014 sua
434 953 538 1015 indole
570 959 717 1032 quatenus
749 952 889 1014 ellectum
921 951 958 1016 ab
990 957 1020 1014 et
1049 951 1080 1014 in
1106 969 1141 1016 se
1164 951 1230 1031 ipso
1258 969 1296 1012 ac

201 1082 274 1124 vera
299 1067 344 1124 est
367 1062 530 1141 suiipsius
553 1062 769 1125 manifestatio.
816 1061 892 1123 Hinc
914 1061 992 1123 ultro
1020 1061 1049 1124 ei
1083 1062 1211 1124 facultas
1240 1080 1296 1124 re-

200 1171 326 1248 dundat,
349 1170 375 1237 si
398 1170 558 1254 quaesibi
581 1171 680 1233 aliena
700 1172 912 1252 phaenomena
934 1171 1036 1234 oblata
1051 1171 1233 1251 perceperit,
1258 1189 1294 1233 ea

126 1309 128 1314 .
200 1299 262 1342 non
285 1280 382 1349 solum
407 1286 439 1342 ut
465 1281 587 1345 obiecta
616 1280 847 1360 contemplantis
878 1299 952 1345 suae
976 1281 1086 1346 mentis
1112 1281 1295 1360 circumspi-

201 1390 321 1469 ciendi,
344 1409 450 1456 verum
473 1391 564 1454 etiam
586 1409 641 1470 per
662 1409 697 1454 se
718 1397 853 1471 spectata
874 1391 1067 1472 expendendi
1089 1397 1120 1455 el
1147 1392 1184 1454 ad
1208 1390 1293 1453 reale

199 1499 374 1578 referendi,
398 1500 480 1566 unde
503 1500 669 1578 manarint,
693 1501 885 1581 principium.
931 1501 1102 1575 Quinetiam
1124 1519 1185 1562 non
1206 1500 1294 1562 modo

196 1614 297 1688 potest
318 1609 399 1672 hanc
423 1609 568 1672 adhibere
589 1609 867 1688 phaenomenorum
886 1626 1134 1691 quorumcunque
1149 1610 1188 1680 ad
1210 1610 1296 1690 prin-

201 1717 311 1796 cipium
337 1717 535 1794 relationem,
558 1718 614 1778 sed
629 1707 690 1778 uon
709 1724 810 1796 polest
830 1719 948 1782 omniuo
972 1719 1063 1780 aliter
1083 1718 1197 1799 socero.
1241 1719 1296 1780 Est

201 1826 279 1887 enim
304 1827 422 1888 animus
444 1827 490 1888 sic
512 1834 716 1908 comparatus,
739 1834 790 1905 ut,
814 1829 1005 1891 conformata
1029 1827 1124 1890 semel
1147 1827 1216 1888 idea
1239 1845 1296 1888 ae-

200 1934 297 2018 qualis
317 1935 445 1996 rationis
470 1935 668 2014 interipsum
695 1937 877 2016 principium
902 1943 932 1998 et
956 1937 1174 2018 cogitationem
1197 1935 1297 1997 inler-

203 2043 359 2121 cedentis‚
383 2061 536 2123 nunquam
568 2043 694 2124 amplius
726 2043 882 2125 cogitandi
914 2061 1040 2107 munere
1064 2063 1104 2106 ne
1133 2044 1170 2106 ad
1203 2061 1294 2106 unum

202 2152 322 2234 quidem
361 2153 505 2234 temporis
538 2158 682 2232 punctum
718 2152 912 2234 defungatur.
971 2153 1057 2217 Unde
1091 2158 1297 2231 consequatur

201 2279 332 2329 necesse
356 2267 418 2340 est,
439 2267 471 2325 ut
493 2262 611 2324 animus
632 2279 686 2322 sua
711 2261 762 2324 illa
788 2261 892 2322 indole
915 2261 1060 2338 eandem,
1085 2279 1172 2342 quarn
1202 2261 1233 2321 in
1260 2279 1295 2322 se

202 2371 267 2452 ipso
291 2371 459 2449 evolverit,
484 2369 641 2452 cogitandi
663 2388 799 2432 normam
830 2370 897 2433 sine
926 2370 987 2432 ulla
1021 2371 1167 2450 temporis
1197 2371 1295 2431 inter-

200 2482 348 2546 missione
378 2481 616 2562 interrogando,
646 2481 861 2561 investigando
888 2481 1138 2561 sciscitandoque
1169 2481 1200 2542 irr
1235 2479 1295 2543 alia

202 2591 327 2670 quaevis
349 2590 563 2655 accommodet
585 2595 675 2669 atque
698 2591 848 2651 conferat.

302 2700 365 2775 His,
391 2698 492 2776 quoad
514 2698 609 2775 licuit,
633 2701 771 2760 excussis
797 2698 855 2759 iarn
877 2696 1057 2774 redeamus,
1077 2697 1149 2776 quid
1172 2697 1209 2758 ad
1235 2715 1295 2760 no-

150 2855 152 2860 ·
204 2812 297 2873 stram
333 2807 495 2886 disputatio
530 2807 581 2868 illa
614 2807 824 2886 quaestionem
859 2807 1053 2886 profecerit,
1096 2807 1294 2886 inquirentes.

204 2917 278 2982 Nam
302 2916 332 2977 id
365 2921 431 2978 erat
452 2916 483 2976 iu
506 2915 716 2996 quaestionem
747 2922 907 2994 vocatum,
937 2934 1008 2978 num
1038 2917 1160 2982 cornino
1190 2915 1295 2996 etqui

176 3028 178 3032 ’
204 3027 323 3106 possint
342 3025 487 3104 temporis
513 3025 662 3105 spatiique
685 3025 826 3086 notiones
850 3025 1001 3088 exanimi
1024 3025 1213 3088 conscientia
1242 3043 1297 3086 ac-

207 3135 337 3214 quisitae
369 3134 407 3194 ad
441 3152 491 3196 res
523 3135 714 3196 extrinsecus
747 3132 863 3196 oblatas
897 3133 1060 3196 conferri?
1108 3134 1154 3196 De
1189 3134 1297 3213 quibus

206 3260 286 3304 nunc
307 3242 360 3304 vix
382 3258 495 3320 auceps
519 3259 588 3302 esse
608 3241 755 3302 iudicium
779 3247 886 3320 potest.
937 3242 1085 3306 Notiones
1106 3243 1184 3304 enim
1209 3242 1295 3321 istae,

208 3352 317 3437 quippe
338 3349 375 3418 ad
397 3350 490 3413 enimi
513 3350 695 3430 principium
720 3349 835 3412 relatae
863 3349 1057 3432 indidemque
1087 3353 1236 3432 repetitae
1266 3359 1298 3414 ut

208 3458 461 3523 manifestationis
485 3458 631 3536 conditio,
658 3459 765 3521 merito
791 3457 928 3520 idearum
952 3459 1128 3541 dignilatarn
1152 3461 1298 3521 obtinent.

157 3621 159 3634 .
209 3571 256 3632 Ex
283 3587 342 3655 quo
372 3567 573 3648 intelligitur,
602 3574 634 3628 ut
666 3569 844 3648 principium
877 3569 1006 3630 rationis
1038 3569 1234 3648 sufficientis,
1260 3571 1301 3634 ita

212 3689 289 3757 quae
311 3676 481 3740 arctissime
504 3693 572 3738 cum
594 3675 653 3737 hoc
682 3677 845 3739 coniuncta
868 3683 1015 3755 apparent
1040 3684 1070 3748 et
1097 3679 1164 3740 sine
1195 3678 1303 3758 quibus

212 3803 271 3847 nec
302 3802 371 3848 esse
399 3783 472 3846 illud
500 3802 558 3846 nec
582 3785 800 3865 comprehendi
825 3791 943 3864 potest,
972 3787 1116 3866 temporis
1147 3805 1184 3850 ac
1214 3788 1302 3867 spatii

212 3893 356 3954 notiones
389 3892 518 3954 animum
544 3892 710 3954 secundum
740 3913 824 3971 earn,
848 3911 905 3972 qua
926 3894 1045 3973 valent,
1066 3902 1097 3957 et
1119 3896 1252 3958 indolem
1276 3903 1306 3958 et

214 4000 429 4066 necessitatem
465 4002 526 4064 sub'
555 4002 634 4082 legis
665 4003 787 4064 vincula
819 4003 994 4080 conficere,
1031 4004 1123 4084 idque
1158 4004 1236 4068 adeo
1273 4010 1305 4066 ul

216 4109 316 4174 omnia
344 4109 381 4171 iis
403 4117 544 4191 tanquam
568 4110 724 4190 cogitandi
747 4111 863 4172 normis
893 4112 1033 4176 metiatur
1061 4119 1109 4189 ct,
1132 4113 1306 4192 ubicunque

215 4218 360 4304 temporis
380 4219 429 4282 vel
453 4217 542 4302 spatii
562 4218 784 4298 aniuradvertat
805 4219 949 4300 vestigia,
969 4219 1066 4300 qualia
1089 4222 1150 4290 sint
1172 4229 1202 4285 et
1215 4238 1312 4303 quor-
