2910 4698
643 262 853 328 ..u-

196 448 291 526 liquet
313 444 537 525 disputatione,
559 442 589 502 in
611 441 678 504 Deo
701 439 812 506 nuliam
834 451 891 504 nee
912 432 1087 516 potentialis
1110 447 1168 494 nac
1191 425 1291 526 empi-

196 556 255 619 rici
277 554 423 633 temporis
446 558 476 614 et
505 551 595 632 spatii
621 567 714 630 posse
742 549 890 612 rationem
918 543 1046 619 haberi,
1078 537 1228 620 siquidem
1257 540 1291 596 ut

197 664 374 740 existentia,
398 662 439 724 ita
467 659 554 728 brutus
584 660 701 724 turmae
730 657 798 722 sine
823 655 884 722 ulla
915 659 966 718 aut
992 647 1218 716 intermissione
1240 649 1292 708 aut

196 773 362 839 mutatione
376 771 545 836 absolutam
558 769 596 837 ab
611 767 791 832 aeternitate
806 763 1025 845 perfectionem
1041 776 1114 839 prae
1130 775 1164 820 se
1180 755 1289 820 terant.

677 1053 861 1072 n--a-a-aea

552 1327 554 1340 '
598 1324 778 1389 CAPUT
807 1325 884 1386 lv.

691 1528 720 1596 ς.
748 1521 795 1582 11.

372 1672 528 1758 Definitio
550 1678 707 1758 temporis
729 1681 762 1738 et
781 1679 884 1759 spotit
905 1677 1111 1758 proponitur.

297 1838 327 1902 Si
348 1833 546 1922 quaecunque
575 1839 723 1908 hactenus
751 1841 915 1925 proposui,
947 1839 1187 1924 comprehendo,
1208 1839 1290 1908 baec

199 1946 264 2012 sere
287 1954 377 2014 sunt:
1008 1963 1012 1972 ’

201 2135 205 2140 ,
260 2059 292 2136 1)
316 2059 434 2126 animus
457 2076 545 2142 quum
568 2059 616 2128 sui
641 2059 784 2126 conscius
806 2059 837 2126 tit
859 2061 877 2124 i.
903 2079 930 2124 c.
952 2059 1094 2142 principii
1117 2059 1164 2126 sui
1188 2058 1291 2126 mani·-
1331 2113 1333 2118 .

197 2167 389 2236 testationem
410 2168 523 2249 prodit,
547 2169 606 2236 boo
628 2169 752 2236 efficere
774 2186 835 2234 nou
858 2174 956 2252 potest
977 2169 1036 2235 nisi
1053 2168 1109 2238 sub
1133 2169 1292 2236 essentia„

196 2261 274 2342 libus
299 2279 443 2358 temporis
469 2285 498 2340 et
527 2278 616 2364 spatii
640 2279 756 2344 tarmis.
804 2278 886 2352 uuas
919 2293 980 2346 non
1010 2277 1102 2345 modu
1131 2278 1162 2342 in
1190 2279 1291 2359 prima

197 2386 234 2452 ad
260 2388 481 2456 conscientiam
507 2388 688 2452 evocatione
712 2387 843 2470 exhibet,
864 2405 971 2458 verum
994 2388 1084 2456 etiam
1107 2405 1162 2470 per
1185 2389 1290 2458 cannia

196 2497 324 2577 posthac
354 2498 535 2566 existentiae
559 2516 639 2570 ,suae
668 2504 828 2563 rnamenta.
884 2498 959 2563 Nam
989 2498 1024 2566 ,p
1048 2502 1165 2580 tempus
1196 2497 1290 2579 tollis,

197 2613 297 2688 torpet
322 2608 439 2676 animus
466 2613 495 2668 et
524 2607 556 2672 in
585 2607 759 2673 indefinitae
787 2608 953 2676 retruditur
980 2607 1166 2678 conditionis
1195 2625 1295 2688 sopo-

200 2735 285 2793 rem,
310 2717 340 2782 id
363 2716 463 2801 quod,
488 2720 632 2782 suscitata
655 2715 750 2784 semet
774 2716 982 2793 conscientia,
1005 2715 1070 2784 fieri
1093 2716 1218 2797 nequit3
1240 2717 1292 2786 siu

199 2824 326 2906 spatium
350 2842 457 2908 negas,
480 2823 569 2888 adid
596 2842 686 2890 omne
708 2824 799 2888 animi
823 2825 978 2908 negotium
1002 2825 1132 2902 recidit,
1155 2832 1187 2887 ut
1207 2843 1295 2894 sem-

176 2923 318 3012 'piterno
339 2931 462 3002 flumine
490 2931 669 3000 affectiones
694 2934 822 3014 recipiat
844 2939 1044 3018 receptasque
1065 2933 1164 3004 statim
1188 2933 1295 3002 dimit—

201 3047 259 3118 tat,
292 3041 374 3103 unde
406 3041 505 3106 nautius
537 3043 617 3108 inter
648 3042 788 3106 homines
820 3042 995 3126 opinionum
1028 3059 1197 3111 consensus
1225 3043 1295 3106 fieri

200 3156 315 3232 posset.

264 3262 298 3334 Q)
321 3259 440 3324 Deinde
462 3265 568 3322 natura
600 3260 630 3320 in
654 3260 793 3328 omnibus
823 3259 965 3344 principii
996 3259 1294 3328 manifestationibus

203 3373 261 3433 tam
284 3367 444 3449 perspicua
472 3366 647 3450 temporalis
676 3367 843 3453 localisque
868 3367 995 3434 rationis
1014 3368 1196 3438 documenta
1220 3369 1293 3450 edit,

201 3483 233 3542 ut
256 3497 291 3542 ea
313 3477 363 3544 hic
388 3477 543 3546 monuisse
566 3476 706 3544 sufficiat.

267 3588 302 3662 3)
324 3587 510 3656 Postremum
531 3586 562 3654 in
578 3585 718 3652 absoluto
742 3604 862 3667 quoque
884 3592 953 3652 ente
973 3592 1005 3653 ut
1025 3586 1211 3654 substantiae
1228 3605 1298 3652 ma·

202 3696 446 3774 nitestationem,
470 3696 511 3757 ita
536 3695 687 3775 quandam
709 3696 854 3776 temporis
884 3700 913 3756 et
939 3695 1029 3774 spatii
1057 3696 1207 3758 rationem
1237 3695 1297 3758 de-

204 3805 430 3887 prehendimus.

305 3913 420 3987 Quibus
442 3913 473 3975 in
495 3913 671 3976 memoriam
692 3913 859 3990 revocatis,
880 3917 1016 3974 nostrum
1040 3926 1121 3973 nunc
1141 3916 1187 3973 est
1203 3928 1303 3991 quae-

205 4041 293 4101 rere,
316 4022 388 4108 quid
409 4022 527 4084 tandem
549 4021 589 4080 stt
609 4027 724 4097 tempus
745 4027 774 4082 et
796 4020 935 4098 epatium.
979 4018 1061 4082 Inest
1090 4019 1169 4090 enim
1199 4019 1302 4088 animo

208 4151 275 4197 curn
299 4131 457 4198 individuo
485 4137 613 4195 naturae
639 4131 803 4191 coniuncto
835 4129 962 4193 facultas
995 4148 1012 4191 e
1040 4128 1176 4210 plupibus
1206 4128 1301 4202 rebus

209 4260 397 4304 communem
421 4238 549 4302 eruendi
571 4237 745 4318 notionem,
767 4237 898 4330 uetutxsi
926 4238 982 4321 rori
1010 4238 1256 4310 macerationem
1281 4257 1301 4305 e
