<?xml version="1.0" encoding="UTF-8"?>
<!DOCTYPE html PUBLIC "-//W3C//DTD XHTML 1.0 Transitional//EN"
    "http://www.w3.org/TR/xhtml1/DTD/xhtml1-transitional.dtd">
<html xmlns="http://www.w3.org/1999/xhtml" xml:lang="en" lang="en">
 <head>
  <title>
</title>
<meta http-equiv="Content-Type" content="text/html;charset=utf-8" />
  <meta name='ocr-system' content='tesseract 3.04.00' />
  <meta name='ocr-capabilities' content='ocr_page ocr_carea ocr_par ocr_line ocrx_word'/>
</head>
<body>
  <div class='ocr_page' id='page_1' title='image "./despatioettempo00woltgoog_0065.png"; bbox 0 0 2910 4698; ppageno 0'>
   <div class='ocr_carea' id='block_1_1' title="bbox 205 455 1311 2947">
    <p class='ocr_par' dir='ltr' id='par_1_1' title="bbox 205 455 1311 2947">
     <span class='ocr_line' id='line_1_1' title="bbox 315 455 1310 544; baseline -0.008 -16"><span class='ocrx_word' id='word_1_1' title='bbox 315 466 352 544; x_wconf 82' lang='grc'><strong>4)</strong></span> <span class='ocrx_word' id='word_1_2' title='bbox 377 464 437 528; x_wconf 87' lang='lat' dir='ltr'><strong>Sed</strong></span> <span class='ocrx_word' id='word_1_3' title='bbox 459 465 538 528; x_wconf 87' lang='lat' dir='ltr'><strong>haec</strong></span> <span class='ocrx_word' id='word_1_4' title='bbox 552 465 710 527; x_wconf 86' lang='lat' dir='ltr'><strong>hactenus.</strong></span> <span class='ocrx_word' id='word_1_5' title='bbox 744 462 831 525; x_wconf 89' lang='lat' dir='ltr'><strong>Nunc</strong></span> <span class='ocrx_word' id='word_1_6' title='bbox 851 460 989 523; x_wconf 86' lang='lat' dir='ltr'><strong>dicamus</strong></span> <span class='ocrx_word' id='word_1_7' title='bbox 1012 457 1051 520; x_wconf 86' lang='lat' dir='ltr'><strong>de</strong></span> <span class='ocrx_word' id='word_1_8' title='bbox 1072 455 1166 535; x_wconf 77' lang='lat' dir='ltr'><strong>rpem</strong></span> <span class='ocrx_word' id='word_1_9' title='bbox 1180 455 1310 520; x_wconf 84' lang='lat' dir='ltr'><strong>rationo.</strong></span> 
     </span>
     <span class='ocr_line' id='line_1_2' title="bbox 213 566 1311 655; baseline -0.01 -16"><span class='ocrx_word' id='word_1_10' title='bbox 213 575 397 655; x_wconf 70' lang='lat' dir='ltr'><strong>Simulatque</strong></span> <span class='ocrx_word' id='word_1_11' title='bbox 419 574 499 638; x_wconf 89' lang='lat' dir='ltr'><strong>enim</strong></span> <span class='ocrx_word' id='word_1_12' title='bbox 526 574 558 634; x_wconf 92' lang='lat' dir='ltr'><strong>in</strong></span> <span class='ocrx_word' id='word_1_13' title='bbox 582 574 657 636; x_wconf 92' lang='lat' dir='ltr'><strong>duas</strong></span> <span class='ocrx_word' id='word_1_14' title='bbox 677 573 768 634; x_wconf 90' lang='lat' dir='ltr'><strong>animi</strong></span> <span class='ocrx_word' id='word_1_15' title='bbox 790 570 971 651; x_wconf 87' lang='lat' dir='ltr'><strong>principium</strong></span> <span class='ocrx_word' id='word_1_16' title='bbox 995 567 1170 630; x_wconf 84' lang='lat' dir='ltr'><strong>distinctum</strong></span> <span class='ocrx_word' id='word_1_17' title='bbox 1192 571 1238 629; x_wconf 87' lang='lat' dir='ltr'><strong>est</strong></span> <span class='ocrx_word' id='word_1_18' title='bbox 1260 566 1311 628; x_wconf 89' lang='lat' dir='ltr'><strong>i-</strong></span> 
     </span>
     <span class='ocr_line' id='line_1_3' title="bbox 216 675 1311 762; baseline -0.01 -16"><span class='ocrx_word' id='word_1_19' title='bbox 216 684 360 762; x_wconf 76' lang='lat' dir='ltr'><strong>audatos,</strong></span> <span class='ocrx_word' id='word_1_20' title='bbox 384 683 442 745; x_wconf 78' lang='lat' dir='ltr'><strong>liae</strong></span> <span class='ocrx_word' id='word_1_21' title='bbox 468 682 547 744; x_wconf 87' lang='lat' dir='ltr'><strong>adeo</strong></span> <span class='ocrx_word' id='word_1_22' title='bbox 577 688 700 744; x_wconf 90' lang='lat' dir='ltr'><strong>manent</strong></span> <span class='ocrx_word' id='word_1_23' title='bbox 720 681 910 755; x_wconf 79' lang='lat' dir='ltr'><strong>immutatae,</strong></span> <span class='ocrx_word' id='word_1_24' title='bbox 934 682 967 738; x_wconf 88' lang='lat' dir='ltr'><strong>ut</strong></span> <span class='ocrx_word' id='word_1_25' title='bbox 994 677 1055 739; x_wconf 90' lang='lat' dir='ltr'><strong>siut</strong></span> <span class='ocrx_word' id='word_1_26' title='bbox 1076 675 1200 738; x_wconf 86' lang='lat' dir='ltr'><strong>stabiles</strong></span> <span class='ocrx_word' id='word_1_27' title='bbox 1231 691 1311 756; x_wconf 89' lang='lat' dir='ltr'><strong>qua-</strong></span> 
     </span>
     <span class='ocr_line' id='line_1_4' title="bbox 212 785 1309 873; baseline -0.009 -17"><span class='ocrx_word' id='word_1_28' title='bbox 212 809 400 873; x_wconf 89' lang='lat' dir='ltr'><strong>nmrounque</strong></span> <span class='ocrx_word' id='word_1_29' title='bbox 423 791 576 854; x_wconf 89' lang='lat' dir='ltr'><strong>actionum</strong></span> <span class='ocrx_word' id='word_1_30' title='bbox 596 797 626 853; x_wconf 90' lang='lat' dir='ltr'><strong>et</strong></span> <span class='ocrx_word' id='word_1_31' title='bbox 645 789 876 870; x_wconf 87' lang='lat' dir='ltr'><strong>perpessiouum</strong></span> <span class='ocrx_word' id='word_1_32' title='bbox 893 787 986 849; x_wconf 88' lang='lat' dir='ltr'><strong>vires.</strong></span> <span class='ocrx_word' id='word_1_33' title='bbox 1032 785 1108 848; x_wconf 90' lang='lat' dir='ltr'><strong>Dum</strong></span> <span class='ocrx_word' id='word_1_34' title='bbox 1129 785 1222 866; x_wconf 81' lang='lat' dir='ltr'><strong>igitur</strong></span> <span class='ocrx_word' id='word_1_35' title='bbox 1240 785 1309 848; x_wconf 87' lang='lat' dir='ltr'><strong>siu-</strong></span> 
     </span>
     <span class='ocr_line' id='line_1_5' title="bbox 214 894 1310 985; baseline -0.007 -20"><span class='ocrx_word' id='word_1_36' title='bbox 214 903 305 985; x_wconf 75' lang='lat' dir='ltr'><strong>gulae</strong></span> <span class='ocrx_word' id='word_1_37' title='bbox 328 902 420 965; x_wconf 90' lang='lat' dir='ltr'><strong>animi</strong></span> <span class='ocrx_word' id='word_1_38' title='bbox 444 901 625 964; x_wconf 81' lang='lat' dir='ltr'><strong>affectiones</strong></span> <span class='ocrx_word' id='word_1_39' title='bbox 652 899 795 962; x_wconf 87' lang='lat' dir='ltr'><strong>continua</strong></span> <span class='ocrx_word' id='word_1_40' title='bbox 824 897 1021 959; x_wconf 87' lang='lat' dir='ltr'><strong>fluctuatione</strong></span> <span class='ocrx_word' id='word_1_41' title='bbox 1043 901 1214 972; x_wconf 87' lang='lat' dir='ltr'><strong>mutantur,</strong></span> <span class='ocrx_word' id='word_1_42' title='bbox 1238 894 1310 958; x_wconf 85' lang='lat' dir='ltr'><strong>illac</strong></span> 
     </span>
     <span class='ocr_line' id='line_1_6' title="bbox 212 1004 1310 1091; baseline -0.005 -16"><span class='ocrx_word' id='word_1_43' title='bbox 212 1011 308 1076; x_wconf 86' lang='lat' dir='ltr'><strong>semel</strong></span> <span class='ocrx_word' id='word_1_44' title='bbox 333 1031 372 1073; x_wconf 86' lang='lat' dir='ltr'><strong>cx</strong></span> <span class='ocrx_word' id='word_1_45' title='bbox 397 1010 626 1091; x_wconf 85' lang='lat' dir='ltr'><strong>potentialitalis</strong></span> <span class='ocrx_word' id='word_1_46' title='bbox 655 1009 740 1090; x_wconf 85' lang='lat' dir='ltr'><strong>quasi</strong></span> <span class='ocrx_word' id='word_1_47' title='bbox 774 1024 882 1070; x_wconf 91' lang='lat' dir='ltr'><strong>somno</strong></span> <span class='ocrx_word' id='word_1_48' title='bbox 913 1006 1064 1068; x_wconf 83' lang='lat' dir='ltr'><strong>excitatae</strong></span> <span class='ocrx_word' id='word_1_49' title='bbox 1092 1022 1154 1068; x_wconf 92' lang='lat' dir='ltr'><strong>non</strong></span> <span class='ocrx_word' id='word_1_50' title='bbox 1182 1004 1310 1084; x_wconf 84' lang='lat' dir='ltr'><strong>amplius</strong></span> 
     </span>
     <span class='ocr_line' id='line_1_7' title="bbox 213 1104 1309 1198; baseline -0.009 -14"><span class='ocrx_word' id='word_1_51' title='bbox 213 1127 264 1184; x_wconf 89' lang='lat' dir='ltr'><strong>aut</strong></span> <span class='ocrx_word' id='word_1_52' title='bbox 288 1124 476 1184; x_wconf 85' lang='lat' dir='ltr'><strong>evanescunt</strong></span> <span class='ocrx_word' id='word_1_53' title='bbox 497 1123 548 1180; x_wconf 87' lang='lat' dir='ltr'><strong>aul</strong></span> <span class='ocrx_word' id='word_1_54' title='bbox 571 1118 672 1180; x_wconf 87' lang='lat' dir='ltr'><strong>dirimi</strong></span> <span class='ocrx_word' id='word_1_55' title='bbox 692 1125 722 1180; x_wconf 85' lang='lat' dir='ltr'><strong>et</strong></span> <span class='ocrx_word' id='word_1_56' title='bbox 741 1119 774 1182; x_wconf 91' lang='lat' dir='ltr'><strong>in</strong></span> <span class='ocrx_word' id='word_1_57' title='bbox 796 1116 970 1198; x_wconf 87' lang='lat' dir='ltr'><strong>primariam</strong></span> <span class='ocrx_word' id='word_1_58' title='bbox 993 1115 1049 1176; x_wconf 79' lang='grc' dir='ltr'><strong>τοῦ</strong></span> <span class='ocrx_word' id='word_1_59' title='bbox 1064 1114 1197 1190; x_wconf 73' lang='grc' dir='ltr'><strong>δυνάμει</strong></span> <span class='ocrx_word' id='word_1_60' title='bbox 1220 1104 1309 1186; x_wconf 78' lang='grc' dir='ltr'><em>ὄντος</em></span> 
     </span>
     <span class='ocr_line' id='line_1_8' title="bbox 212 1223 1309 1308; baseline -0.007 -16"><span class='ocrx_word' id='word_1_61' title='bbox 212 1229 420 1292; x_wconf 87' lang='lat' dir='ltr'><strong>conditionem</strong></span> <span class='ocrx_word' id='word_1_62' title='bbox 443 1228 559 1290; x_wconf 87' lang='lat' dir='ltr'><strong>retrudi</strong></span> <span class='ocrx_word' id='word_1_63' title='bbox 580 1233 727 1308; x_wconf 90' lang='lat' dir='ltr'><strong>possunt;</strong></span> <span class='ocrx_word' id='word_1_64' title='bbox 748 1226 804 1290; x_wconf 90' lang='lat' dir='ltr'><strong>sed</strong></span> <span class='ocrx_word' id='word_1_65' title='bbox 827 1227 934 1307; x_wconf 83' lang='lat' dir='ltr'><strong>vigent</strong></span> <span class='ocrx_word' id='word_1_66' title='bbox 950 1224 1112 1303; x_wconf 87' lang='lat' dir='ltr'><strong>valentque</strong></span> <span class='ocrx_word' id='word_1_67' title='bbox 1127 1223 1309 1284; x_wconf 76' lang='lat' dir='ltr'><strong>coniunctim</strong></span> 
     </span>
     <span class='ocr_line' id='line_1_9' title="bbox 211 1332 1309 1411; baseline -0.005 -9"><span class='ocrx_word' id='word_1_68' title='bbox 211 1341 231 1402; x_wconf 90' lang='lat' dir='ltr'><strong>i.</strong></span> <span class='ocrx_word' id='word_1_69' title='bbox 257 1358 284 1401; x_wconf 90' lang='lat' dir='ltr'><strong>e.</strong></span> <span class='ocrx_word' id='word_1_70' title='bbox 308 1339 497 1400; x_wconf 76' lang='lat' dir='ltr'><strong>alteroccam</strong></span> <span class='ocrx_word' id='word_1_71' title='bbox 520 1337 619 1399; x_wconf 86' lang='lat' dir='ltr'><strong>altera</strong></span> <span class='ocrx_word' id='word_1_72' title='bbox 643 1341 672 1397; x_wconf 87' lang='lat' dir='ltr'><strong>at</strong></span> <span class='ocrx_word' id='word_1_73' title='bbox 690 1337 779 1397; x_wconf 76' lang='lat' dir='ltr'><strong>iacta</strong></span> <span class='ocrx_word' id='word_1_74' title='bbox 800 1336 929 1397; x_wconf 86' lang='lat' dir='ltr'><strong>alteram</strong></span> <span class='ocrx_word' id='word_1_75' title='bbox 950 1332 1244 1411; x_wconf 84' lang='lat' dir='ltr'><strong>(nebcueinander)‚</strong></span> <span class='ocrx_word' id='word_1_76' title='bbox 1266 1333 1309 1396; x_wconf 88' lang='lat' dir='ltr'><strong>ita</strong></span> 
     </span>
     <span class='ocr_line' id='line_1_10' title="bbox 209 1441 1308 1524; baseline -0.006 -14"><span class='ocrx_word' id='word_1_77' title='bbox 209 1453 242 1510; x_wconf 89' lang='lat' dir='ltr'><strong>ut</strong></span> <span class='ocrx_word' id='word_1_78' title='bbox 273 1447 521 1510; x_wconf 82' lang='lat' dir='ltr'><strong>manifestissime</strong></span> <span class='ocrx_word' id='word_1_79' title='bbox 550 1447 669 1518; x_wconf 80' lang='grc' dir='ltr'><strong><em>θέσις</em></strong></span> <span class='ocrx_word' id='word_1_80' title='bbox 686 1453 726 1524; x_wconf 85' lang='lat'><strong>¹⁰)</strong></span> <span class='ocrx_word' id='word_1_81' title='bbox 761 1444 866 1524; x_wconf 85' lang='lat' dir='ltr'><strong>aliqua</strong></span> <span class='ocrx_word' id='word_1_82' title='bbox 897 1461 953 1504; x_wconf 87' lang='lat' dir='ltr'><strong>seu</strong></span> <span class='ocrx_word' id='word_1_83' title='bbox 984 1442 1116 1521; x_wconf 84' lang='lat' dir='ltr'><strong>spatium</strong></span> <span class='ocrx_word' id='word_1_84' title='bbox 1145 1441 1177 1502; x_wconf 86' lang='lat' dir='ltr'><strong>ia</strong></span> <span class='ocrx_word' id='word_1_85' title='bbox 1207 1441 1308 1504; x_wconf 85' lang='lat' dir='ltr'><strong>anima</strong></span> 
     </span>
     <span class='ocr_line' id='line_1_11' title="bbox 209 1553 1308 1636; baseline -0.006 -16"><span class='ocrx_word' id='word_1_86' title='bbox 209 1562 370 1636; x_wconf 79' lang='lat' dir='ltr'><strong>appareat.</strong></span> <span class='ocrx_word' id='word_1_87' title='bbox 415 1557 502 1631; x_wconf 88' lang='lat' dir='ltr'><strong>Quod</strong></span> <span class='ocrx_word' id='word_1_88' title='bbox 525 1556 700 1635; x_wconf 84' lang='lat' dir='ltr'><strong>ulpianum</strong></span> <span class='ocrx_word' id='word_1_89' title='bbox 723 1555 784 1633; x_wconf 86' lang='lat' dir='ltr'><strong>fiat,</strong></span> <span class='ocrx_word' id='word_1_90' title='bbox 811 1553 1080 1617; x_wconf 88' lang='lat' dir='ltr'><strong>demonstrandum</strong></span> <span class='ocrx_word' id='word_1_91' title='bbox 1104 1558 1151 1616; x_wconf 90' lang='lat' dir='ltr'><strong>est</strong></span> <span class='ocrx_word' id='word_1_92' title='bbox 1174 1553 1308 1616; x_wconf 80' lang='lat' dir='ltr'><strong>faculta-</strong></span> 
     </span>
     <span class='ocr_line' id='line_1_12' title="bbox 209 1662 1308 1745; baseline -0.004 -17"><span class='ocrx_word' id='word_1_93' title='bbox 209 1673 271 1728; x_wconf 89' lang='lat' dir='ltr'><strong>tum</strong></span> <span class='ocrx_word' id='word_1_94' title='bbox 291 1666 410 1728; x_wconf 91' lang='lat' dir='ltr'><strong>illarum</strong></span> <span class='ocrx_word' id='word_1_95' title='bbox 423 1665 518 1728; x_wconf 82' lang='lat' dir='ltr'><strong>scinci</strong></span> <span class='ocrx_word' id='word_1_96' title='bbox 539 1665 749 1745; x_wconf 86' lang='lat' dir='ltr'><strong>explicitarum</strong></span> <span class='ocrx_word' id='word_1_97' title='bbox 772 1669 921 1742; x_wconf 86' lang='lat' dir='ltr'><strong>neutram,</strong></span> <span class='ocrx_word' id='word_1_98' title='bbox 944 1664 1013 1725; x_wconf 93' lang='lat' dir='ltr'><strong>dum</strong></span> <span class='ocrx_word' id='word_1_99' title='bbox 1037 1663 1132 1727; x_wconf 87' lang='lat' dir='ltr'><strong>altera</strong></span> <span class='ocrx_word' id='word_1_100' title='bbox 1146 1662 1183 1725; x_wconf 90' lang='lat' dir='ltr'><strong>ad</strong></span> <span class='ocrx_word' id='word_1_101' title='bbox 1206 1681 1308 1744; x_wconf 78' lang='lat' dir='ltr'><strong>agen-</strong></span> 
     </span>
     <span class='ocr_line' id='line_1_13' title="bbox 210 1772 1306 1854; baseline -0.003 -17"><span class='ocrx_word' id='word_1_102' title='bbox 210 1775 281 1838; x_wconf 91' lang='lat' dir='ltr'><strong>dum</strong></span> <span class='ocrx_word' id='word_1_103' title='bbox 303 1774 440 1854; x_wconf 84' lang='lat' dir='ltr'><strong>pellitur,</strong></span> <span class='ocrx_word' id='word_1_104' title='bbox 464 1774 529 1836; x_wconf 89' lang='lat' dir='ltr'><strong>tolli</strong></span> <span class='ocrx_word' id='word_1_105' title='bbox 562 1781 592 1836; x_wconf 90' lang='lat' dir='ltr'><strong>et</strong></span> <span class='ocrx_word' id='word_1_106' title='bbox 620 1774 749 1854; x_wconf 89' lang='lat' dir='ltr'><strong>posthac</strong></span> <span class='ocrx_word' id='word_1_107' title='bbox 779 1791 884 1836; x_wconf 88' lang='lat' dir='ltr'><strong>mrsus</strong></span> <span class='ocrx_word' id='word_1_108' title='bbox 913 1773 1065 1836; x_wconf 86' lang='lat' dir='ltr'><strong>suscitari.</strong></span> <span class='ocrx_word' id='word_1_109' title='bbox 1116 1772 1212 1846; x_wconf 88' lang='lat' dir='ltr'><strong>Quam</strong></span> <span class='ocrx_word' id='word_1_110' title='bbox 1240 1790 1306 1834; x_wconf 88' lang='lat' dir='ltr'><strong>rem</strong></span> 
     </span>
     <span class='ocr_line' id='line_1_14' title="bbox 210 1881 1305 1962; baseline -0.002 -16"><span class='ocrx_word' id='word_1_111' title='bbox 210 1888 270 1946; x_wconf 87' lang='lat' dir='ltr'><strong>lam</strong></span> <span class='ocrx_word' id='word_1_112' title='bbox 298 1882 460 1945; x_wconf 89' lang='lat' dir='ltr'><strong>luculentis</strong></span> <span class='ocrx_word' id='word_1_113' title='bbox 492 1901 549 1945; x_wconf 89' lang='lat' dir='ltr'><strong>nos</strong></span> <span class='ocrx_word' id='word_1_114' title='bbox 579 1882 750 1946; x_wconf 89' lang='lat' dir='ltr'><strong>rationibus</strong></span> <span class='ocrx_word' id='word_1_115' title='bbox 780 1899 842 1944; x_wconf 90' lang='lat' dir='ltr'><strong>non</strong></span> <span class='ocrx_word' id='word_1_116' title='bbox 875 1899 1078 1962; x_wconf 85' lang='lat' dir='ltr'><strong>persuasuros</strong></span> <span class='ocrx_word' id='word_1_117' title='bbox 1104 1887 1218 1944; x_wconf 87' lang='lat' dir='ltr'><strong>tantum</strong></span> <span class='ocrx_word' id='word_1_118' title='bbox 1248 1881 1305 1944; x_wconf 87' lang='lat' dir='ltr'><strong>sod</strong></span> 
     </span>
     <span class='ocr_line' id='line_1_15' title="bbox 211 1991 1304 2080; baseline 0 -26"><span class='ocrx_word' id='word_1_119' title='bbox 211 1991 475 2054; x_wconf 86' lang='lat' dir='ltr'><strong>demonstraturos</strong></span> <span class='ocrx_word' id='word_1_120' title='bbox 507 1991 705 2080; x_wconf 85' lang='lat' dir='ltr'><strong>confidimus,</strong></span> <span class='ocrx_word' id='word_1_121' title='bbox 729 1998 761 2054; x_wconf 88' lang='lat' dir='ltr'><strong>ut</strong></span> <span class='ocrx_word' id='word_1_122' title='bbox 780 1991 854 2054; x_wconf 92' lang='lat' dir='ltr'><strong>nihil</strong></span> <span class='ocrx_word' id='word_1_123' title='bbox 880 1991 1077 2054; x_wconf 90' lang='lat' dir='ltr'><strong>dubitationis</strong></span> <span class='ocrx_word' id='word_1_124' title='bbox 1106 1991 1304 2070; x_wconf 82' lang='lat' dir='ltr'><strong>relinquatur.</strong></span> 
     </span>
     <span class='ocr_line' id='line_1_16' title="bbox 208 2100 1306 2181; baseline 0 -17"><span class='ocrx_word' id='word_1_125' title='bbox 208 2102 270 2164; x_wconf 90' lang='lat' dir='ltr'><strong>lam</strong></span> <span class='ocrx_word' id='word_1_126' title='bbox 296 2101 376 2164; x_wconf 87' lang='lat' dir='ltr'><strong>enirn</strong></span> <span class='ocrx_word' id='word_1_127' title='bbox 397 2102 625 2181; x_wconf 52' lang='lat' dir='ltr'><strong>permaximum</strong></span> <span class='ocrx_word' id='word_1_128' title='bbox 649 2102 780 2164; x_wconf 89' lang='lat' dir='ltr'><strong>animum</strong></span> <span class='ocrx_word' id='word_1_129' title='bbox 804 2101 879 2164; x_wconf 92' lang='lat' dir='ltr'><strong>duas</strong></span> <span class='ocrx_word' id='word_1_130' title='bbox 901 2101 932 2161; x_wconf 94' lang='lat' dir='ltr'><strong>in</strong></span> <span class='ocrx_word' id='word_1_131' title='bbox 957 2119 991 2163; x_wconf 90' lang='lat' dir='ltr'><strong>se</strong></span> <span class='ocrx_word' id='word_1_132' title='bbox 1012 2101 1150 2180; x_wconf 87' lang='lat' dir='ltr'><strong>reperire</strong></span> <span class='ocrx_word' id='word_1_133' title='bbox 1173 2100 1306 2164; x_wconf 84' lang='lat' dir='ltr'><strong>faculta-</strong></span> 
     </span>
     <span class='ocr_line' id='line_1_17' title="bbox 208 2187 1306 2292; baseline -0.001 -18"><span class='ocrx_word' id='word_1_134' title='bbox 208 2217 277 2290; x_wconf 75' lang='lat' dir='ltr'><strong>aas,</strong></span> <span class='ocrx_word' id='word_1_135' title='bbox 300 2227 375 2291; x_wconf 90' lang='lat' dir='ltr'><strong>quas</strong></span> <span class='ocrx_word' id='word_1_136' title='bbox 398 2212 502 2274; x_wconf 88' lang='lat' dir='ltr'><strong>iacere</strong></span> <span class='ocrx_word' id='word_1_137' title='bbox 527 2229 590 2274; x_wconf 94' lang='lat' dir='ltr'><strong>non</strong></span> <span class='ocrx_word' id='word_1_138' title='bbox 619 2216 720 2291; x_wconf 88' lang='lat' dir='ltr'><strong>potest</strong></span> <span class='ocrx_word' id='word_1_139' title='bbox 749 2212 820 2292; x_wconf 91' lang='lat' dir='ltr'><strong>quin</strong></span> <span class='ocrx_word' id='word_1_140' title='bbox 843 2211 970 2273; x_wconf 92' lang='lat' dir='ltr'><strong>obiiciat</strong></span> <span class='ocrx_word' id='word_1_141' title='bbox 998 2210 1161 2290; x_wconf 86' lang='lat' dir='ltr'><strong>primariae</strong></span> <span class='ocrx_word' id='word_1_142' title='bbox 1192 2187 1306 2274; x_wconf 84' lang='lat' dir='ltr'><strong>causae</strong></span> 
     </span>
     <span class='ocr_line' id='line_1_18' title="bbox 207 2319 1304 2402; baseline 0 -19"><span class='ocrx_word' id='word_1_143' title='bbox 207 2327 348 2402; x_wconf 88' lang='lat' dir='ltr'><strong>tanquam</strong></span> <span class='ocrx_word' id='word_1_144' title='bbox 371 2321 520 2384; x_wconf 89' lang='lat' dir='ltr'><strong>subiecto.</strong></span> <span class='ocrx_word' id='word_1_145' title='bbox 565 2323 640 2385; x_wconf 89' lang='lat' dir='ltr'><strong>Nam</strong></span> <span class='ocrx_word' id='word_1_146' title='bbox 664 2338 753 2400; x_wconf 93' lang='lat' dir='ltr'><strong>quum</strong></span> <span class='ocrx_word' id='word_1_147' title='bbox 784 2320 855 2382; x_wconf 90' lang='lat' dir='ltr'><strong>dico</strong></span> <span class='ocrx_word' id='word_1_148' title='bbox 879 2319 953 2398; x_wconf 83' lang='lat' dir='ltr'><strong>„mei</strong></span> <span class='ocrx_word' id='word_1_149' title='bbox 974 2338 1039 2382; x_wconf 94' lang='lat' dir='ltr'><strong>sum</strong></span> <span class='ocrx_word' id='word_1_150' title='bbox 1064 2337 1117 2399; x_wconf 80' lang='lat' dir='ltr'><strong>epo</strong></span> <span class='ocrx_word' id='word_1_151' title='bbox 1142 2320 1304 2383; x_wconf 66' lang='lat' dir='ltr'><strong>consciust</strong></span> 
     </span>
     <span class='ocr_line' id='line_1_19' title="bbox 206 2427 1303 2512; baseline -0.003 -18"><span class='ocrx_word' id='word_1_152' title='bbox 206 2431 310 2494; x_wconf 81' lang='lat' dir='ltr'><strong>refero</strong></span> <span class='ocrx_word' id='word_1_153' title='bbox 334 2431 487 2494; x_wconf 86' lang='lat' dir='ltr'><strong>obiectum</strong></span> <span class='ocrx_word' id='word_1_154' title='bbox 510 2429 548 2492; x_wconf 89' lang='lat' dir='ltr'><strong>ad</strong></span> <span class='ocrx_word' id='word_1_155' title='bbox 571 2430 621 2508; x_wconf 90' lang='lat' dir='ltr'><strong>id,</strong></span> <span class='ocrx_word' id='word_1_156' title='bbox 643 2430 724 2510; x_wconf 93' lang='lat' dir='ltr'><strong>quod</strong></span> <span class='ocrx_word' id='word_1_157' title='bbox 750 2431 867 2512; x_wconf 85' lang='lat' dir='ltr'><strong>cogitat</strong></span> <span class='ocrx_word' id='word_1_158' title='bbox 890 2429 1079 2506; x_wconf 88' lang='lat' dir='ltr'><strong>subiectum,</strong></span> <span class='ocrx_word' id='word_1_159' title='bbox 1103 2430 1247 2509; x_wconf 91' lang='lat' dir='ltr'><strong>quoniam</strong></span> <span class='ocrx_word' id='word_1_160' title='bbox 1268 2427 1303 2491; x_wconf 77' lang='lat' dir='ltr'><strong>ad</strong></span> 
     </span>
     <span class='ocr_line' id='line_1_20' title="bbox 207 2537 1302 2621; baseline 0 -19"><span class='ocrx_word' id='word_1_161' title='bbox 207 2558 266 2621; x_wconf 85' lang='lat' dir='ltr'><strong>ago</strong></span> <span class='ocrx_word' id='word_1_162' title='bbox 290 2546 346 2618; x_wconf 87' lang='lat' dir='ltr'><strong>ost,</strong></span> <span class='ocrx_word' id='word_1_163' title='bbox 370 2539 451 2620; x_wconf 93' lang='lat' dir='ltr'><strong>quod</strong></span> <span class='ocrx_word' id='word_1_164' title='bbox 473 2557 508 2600; x_wconf 90' lang='lat' dir='ltr'><strong>se</strong></span> <span class='ocrx_word' id='word_1_165' title='bbox 528 2539 576 2600; x_wconf 95' lang='lat' dir='ltr'><strong>sui</strong></span> <span class='ocrx_word' id='word_1_166' title='bbox 598 2539 693 2619; x_wconf 91' lang='lat' dir='ltr'><strong>ipsius</strong></span> <span class='ocrx_word' id='word_1_167' title='bbox 716 2539 872 2601; x_wconf 88' lang='lat' dir='ltr'><strong>obiectum</strong></span> <span class='ocrx_word' id='word_1_168' title='bbox 891 2537 1102 2618; x_wconf 87' lang='lat' dir='ltr'><strong>deprehendit.</strong></span> <span class='ocrx_word' id='word_1_169' title='bbox 1146 2539 1213 2621; x_wconf 84' lang='lat' dir='ltr'><strong>Ego</strong></span> <span class='ocrx_word' id='word_1_170' title='bbox 1236 2555 1302 2602; x_wconf 93' lang='lat' dir='ltr'><strong>sum</strong></span> 
     </span>
     <span class='ocr_line' id='line_1_21' title="bbox 205 2648 1303 2730; baseline -0.002 -20"><span class='ocrx_word' id='word_1_171' title='bbox 205 2649 298 2730; x_wconf 83' lang='lat' dir='ltr'><strong>igitur</strong></span> <span class='ocrx_word' id='word_1_172' title='bbox 321 2654 352 2712; x_wconf 88' lang='lat' dir='ltr'><strong>ot</strong></span> <span class='ocrx_word' id='word_1_173' title='bbox 373 2649 542 2711; x_wconf 91' lang='lat' dir='ltr'><strong>subiectum</strong></span> <span class='ocrx_word' id='word_1_174' title='bbox 564 2653 594 2711; x_wconf 86' lang='lat' dir='ltr'><strong>el</strong></span> <span class='ocrx_word' id='word_1_175' title='bbox 624 2649 776 2711; x_wconf 86' lang='lat' dir='ltr'><strong>obiectum</strong></span> <span class='ocrx_word' id='word_1_176' title='bbox 804 2648 894 2709; x_wconf 84' lang='lat' dir='ltr'><strong>aimat</strong></span> <span class='ocrx_word' id='word_1_177' title='bbox 923 2667 1009 2710; x_wconf 79' lang='lat' dir='ltr'><strong>uncae</strong></span> <span class='ocrx_word' id='word_1_178' title='bbox 1033 2648 1229 2728; x_wconf 84' lang='lat' dir='ltr'><strong>cogitationis</strong></span> <span class='ocrx_word' id='word_1_179' title='bbox 1254 2648 1303 2710; x_wconf 90' lang='lat' dir='ltr'><strong>vel</strong></span> 
     </span>
     <span class='ocr_line' id='line_1_22' title="bbox 207 2755 1303 2837; baseline 0 -19"><span class='ocrx_word' id='word_1_180' title='bbox 207 2764 314 2836; x_wconf 91' lang='lat' dir='ltr'><strong>(quum</strong></span> <span class='ocrx_word' id='word_1_181' title='bbox 339 2757 477 2837; x_wconf 84' lang='lat' dir='ltr'><strong>cogitare</strong></span> <span class='ocrx_word' id='word_1_182' title='bbox 500 2756 581 2817; x_wconf 88' lang='lat' dir='ltr'><strong>idern</strong></span> <span class='ocrx_word' id='word_1_183' title='bbox 607 2756 647 2819; x_wconf 89' lang='lat' dir='ltr'><strong>sit</strong></span> <span class='ocrx_word' id='word_1_184' title='bbox 670 2762 760 2836; x_wconf 87' lang='lat' dir='ltr'><strong>atque</strong></span> <span class='ocrx_word' id='word_1_185' title='bbox 782 2756 918 2831; x_wconf 80' lang='lat' dir='ltr'><strong>referre)</strong></span> <span class='ocrx_word' id='word_1_186' title='bbox 942 2755 1102 2818; x_wconf 85' lang='lat' dir='ltr'><strong>relationis</strong></span> <span class='ocrx_word' id='word_1_187' title='bbox 1126 2755 1239 2818; x_wconf 85' lang='lat' dir='ltr'><strong>obiecti</strong></span> <span class='ocrx_word' id='word_1_188' title='bbox 1264 2756 1303 2820; x_wconf 87' lang='lat' dir='ltr'><strong>ad</strong></span> 
     </span>
     <span class='ocr_line' id='line_1_23' title="bbox 206 2865 1302 2947; baseline -0.002 -18"><span class='ocrx_word' id='word_1_189' title='bbox 206 2865 374 2930; x_wconf 89' lang='lat' dir='ltr'><strong>subiectum</strong></span> <span class='ocrx_word' id='word_1_190' title='bbox 396 2865 445 2927; x_wconf 89' lang='lat' dir='ltr'><strong>vol</strong></span> <span class='ocrx_word' id='word_1_191' title='bbox 466 2865 598 2947; x_wconf 85' lang='lat' dir='ltr'><strong>denique</strong></span> <span class='ocrx_word' id='word_1_192' title='bbox 612 2866 770 2946; x_wconf 89' lang='lat' dir='ltr'><strong>utriusque</strong></span> <span class='ocrx_word' id='word_1_193' title='bbox 783 2865 872 2929; x_wconf 89' lang='lat' dir='ltr'><strong>huius</strong></span> <span class='ocrx_word' id='word_1_194' title='bbox 885 2866 965 2928; x_wconf 86' lang='lat' dir='ltr'><strong>inter</strong></span> <span class='ocrx_word' id='word_1_195' title='bbox 977 2884 1011 2928; x_wconf 88' lang='lat' dir='ltr'><strong>se</strong></span> <span class='ocrx_word' id='word_1_196' title='bbox 1028 2865 1232 2928; x_wconf 86' lang='lat' dir='ltr'><strong>distinctionis</strong></span> <span class='ocrx_word' id='word_1_197' title='bbox 1250 2872 1302 2943; x_wconf 82' lang='lat'><strong>²¹).</strong></span> 
     </span>
    </p>
   </div>
   <div class='ocr_carea' id='block_1_2' title="bbox 202 3024 494 3038">
    <p class='ocr_par' dir='ltr' id='par_1_2' title="bbox 202 3024 494 3038">
     <span class='ocr_line' id='line_1_24' title="bbox 202 3024 494 3038; baseline 0.007 -2"><span class='ocrx_word' id='word_1_198' title='bbox 202 3024 494 3038; x_wconf 48' lang='lat' dir='ltr'><strong>bu——ae———u-—Q</strong></span> 
     </span>
    </p>
   </div>
   <div class='ocr_carea' id='block_1_3' title="bbox 206 3133 1301 3308">
    <p class='ocr_par' dir='ltr' id='par_1_3' title="bbox 206 3133 1301 3308">
     <span class='ocr_line' id='line_1_25' title="bbox 306 3133 1301 3214; baseline 0.008 -26"><span class='ocrx_word' id='word_1_199' title='bbox 306 3139 351 3209; x_wconf 83' lang='lat'><strong>10)</strong></span> <span class='ocrx_word' id='word_1_200' title='bbox 370 3139 449 3190; x_wconf 77' lang='lat' dir='ltr'><strong>Arist.</strong></span> <span class='ocrx_word' id='word_1_201' title='bbox 468 3137 501 3190; x_wconf 89' lang='lat' dir='ltr'><strong>de</strong></span> <span class='ocrx_word' id='word_1_202' title='bbox 525 3156 586 3209; x_wconf 85' lang='lat' dir='ltr'><strong>gen.</strong></span> <span class='ocrx_word' id='word_1_203' title='bbox 605 3146 632 3192; x_wconf 86' lang='lat' dir='ltr'><strong>et</strong></span> <span class='ocrx_word' id='word_1_204' title='bbox 650 3155 717 3192; x_wconf 87' lang='lat' dir='ltr'><strong>corr.</strong></span> <span class='ocrx_word' id='word_1_205' title='bbox 736 3140 765 3206; x_wconf 89' lang='lat'><strong>1,</strong></span> <span class='ocrx_word' id='word_1_206' title='bbox 784 3141 816 3194; x_wconf 71' lang='grc' dir='ltr'><strong>δε</strong></span> <span class='ocrx_word' id='word_1_207' title='bbox 847 3143 907 3196; x_wconf 81' lang='grc' dir='ltr'><strong><em>ἔστι</em></strong></span> <span class='ocrx_word' id='word_1_208' title='bbox 929 3141 960 3194; x_wconf 77' lang='lat' dir='ltr'><strong>cll</strong></span> <span class='ocrx_word' id='word_1_209' title='bbox 984 3145 1106 3205; x_wconf 72' lang='grc' dir='ltr'><strong><em>θέσις,</em></strong></span> <span class='ocrx_word' id='word_1_210' title='bbox 1138 3133 1233 3214; x_wconf 69' lang='lat' dir='ltr'><strong>alcaeo</strong></span> <span class='ocrx_word' id='word_1_211' title='bbox 1253 3145 1301 3196; x_wconf 79' lang='lat' dir='ltr'><strong>aral</strong></span> 
     </span>
     <span class='ocr_line' id='line_1_26' title="bbox 206 3233 1151 3308; baseline 0.004 -22"><span class='ocrx_word' id='word_1_212' title='bbox 206 3233 292 3294; x_wconf 75' lang='grc' dir='ltr'><em>τόπος</em></span> <span class='ocrx_word' id='word_1_213' title='bbox 312 3241 338 3285; x_wconf 86' lang='lat' dir='ltr'><strong>et</strong></span> <span class='ocrx_word' id='word_1_214' title='bbox 359 3237 421 3289; x_wconf 73' lang='grc' dir='ltr'><strong>ἐπεὶ</strong></span> <span class='ocrx_word' id='word_1_215' title='bbox 441 3235 470 3288; x_wconf 76' lang='lat' dir='ltr'><strong>dl</strong></span> <span class='ocrx_word' id='word_1_216' title='bbox 488 3240 591 3296; x_wconf 73' lang='grc' dir='ltr'><strong><em>θέσις</em></strong></span> <span class='ocrx_word' id='word_1_217' title='bbox 608 3238 662 3307; x_wconf 80' lang='grc' dir='ltr'><strong>μὲν</strong></span> <span class='ocrx_word' id='word_1_218' title='bbox 682 3234 761 3298; x_wconf 84' lang='grc' dir='ltr'><strong><em>δσοις</em></strong></span> <span class='ocrx_word' id='word_1_219' title='bbox 785 3238 937 3295; x_wconf 67' lang='lat' dir='ltr'><strong>patarinos</strong></span> <span class='ocrx_word' id='word_1_220' title='bbox 957 3236 1079 3308; x_wconf 72' lang='grc' dir='ltr'><strong><em>ὑπάρχει</em></strong></span> <span class='ocrx_word' id='word_1_221' title='bbox 1096 3241 1151 3292; x_wconf 75' lang='grc' dir='ltr'><strong>κτλ.</strong></span> 
     </span>
    </p>
   </div>
   <div class='ocr_carea' id='block_1_4' title="bbox 202 3345 1301 3995">
    <p class='ocr_par' dir='ltr' id='par_1_4' title="bbox 202 3345 1301 3995">
     <span class='ocr_line' id='line_1_27' title="bbox 309 3345 1301 3418; baseline 0.004 -21"><span class='ocrx_word' id='word_1_222' title='bbox 309 3348 355 3414; x_wconf 90' lang='grc'><strong>11)</strong></span> <span class='ocrx_word' id='word_1_223' title='bbox 379 3345 452 3409; x_wconf 81' lang='lat' dir='ltr'><strong>Quae</strong></span> <span class='ocrx_word' id='word_1_224' title='bbox 470 3353 500 3396; x_wconf 88' lang='lat' dir='ltr'><strong>ut</strong></span> <span class='ocrx_word' id='word_1_225' title='bbox 520 3347 639 3412; x_wconf 87' lang='lat' dir='ltr'><strong>planiora</strong></span> <span class='ocrx_word' id='word_1_226' title='bbox 657 3347 737 3412; x_wconf 82' lang='lat' dir='ltr'><strong>liant,</strong></span> <span class='ocrx_word' id='word_1_227' title='bbox 756 3348 800 3399; x_wconf 89' lang='lat' dir='ltr'><strong>lric</strong></span> <span class='ocrx_word' id='word_1_228' title='bbox 818 3349 931 3415; x_wconf 88' lang='lat' dir='ltr'><strong>paucula</strong></span> <span class='ocrx_word' id='word_1_229' title='bbox 953 3349 1116 3403; x_wconf 91' lang='lat' dir='ltr'><strong>admoneam.</strong></span> <span class='ocrx_word' id='word_1_230' title='bbox 1152 3349 1210 3418; x_wconf 72' lang='lat' dir='ltr'><strong>Epo</strong></span> <span class='ocrx_word' id='word_1_231' title='bbox 1231 3351 1301 3401; x_wconf 91' lang='lat' dir='ltr'><strong>enim</strong></span> 
     </span>
     <span class='ocr_line' id='line_1_28' title="bbox 206 3427 1300 3514; baseline 0.005 -23"><span class='ocrx_word' id='word_1_232' title='bbox 206 3442 326 3510; x_wconf 84' lang='lat' dir='ltr'><strong>quamvis</strong></span> <span class='ocrx_word' id='word_1_233' title='bbox 357 3443 405 3493; x_wconf 89' lang='lat' dir='ltr'><strong>sim</strong></span> <span class='ocrx_word' id='word_1_234' title='bbox 431 3449 458 3494; x_wconf 83' lang='lat' dir='ltr'><strong>et</strong></span> <span class='ocrx_word' id='word_1_235' title='bbox 482 3443 630 3494; x_wconf 84' lang='lat' dir='ltr'><strong>subiectum</strong></span> <span class='ocrx_word' id='word_1_236' title='bbox 659 3451 686 3494; x_wconf 83' lang='lat' dir='ltr'><strong>et</strong></span> <span class='ocrx_word' id='word_1_237' title='bbox 706 3443 839 3496; x_wconf 88' lang='lat' dir='ltr'><strong>obiectum</strong></span> <span class='ocrx_word' id='word_1_238' title='bbox 860 3450 886 3496; x_wconf 89' lang='lat' dir='ltr'><strong>et</strong></span> <span class='ocrx_word' id='word_1_239' title='bbox 912 3427 1049 3514; x_wconf 72' lang='lat' dir='ltr'><strong>utriusque</strong></span> <span class='ocrx_word' id='word_1_240' title='bbox 1074 3445 1187 3510; x_wconf 87' lang='lat' dir='ltr'><strong>relatio,</strong></span> <span class='ocrx_word' id='word_1_241' title='bbox 1214 3453 1300 3497; x_wconf 85' lang='lat' dir='ltr'><strong>tamea</strong></span> 
     </span>
     <span class='ocr_line' id='line_1_29' title="bbox 205 3537 1298 3610; baseline 0.005 -22"><span class='ocrx_word' id='word_1_242' title='bbox 205 3537 277 3589; x_wconf 89' lang='lat' dir='ltr'><strong>aliud</strong></span> <span class='ocrx_word' id='word_1_243' title='bbox 297 3538 359 3606; x_wconf 93' lang='lat' dir='ltr'><strong>quid</strong></span> <span class='ocrx_word' id='word_1_244' title='bbox 377 3554 450 3603; x_wconf 85' lang='lat' dir='ltr'><strong>sum,</strong></span> <span class='ocrx_word' id='word_1_245' title='bbox 469 3547 598 3607; x_wconf 88' lang='lat' dir='ltr'><strong>quatenus</strong></span> <span class='ocrx_word' id='word_1_246' title='bbox 625 3540 775 3607; x_wconf 87' lang='lat' dir='ltr'><strong>abiectum,</strong></span> <span class='ocrx_word' id='word_1_247' title='bbox 793 3557 869 3610; x_wconf 87' lang='lat' dir='ltr'><strong>quam</strong></span> <span class='ocrx_word' id='word_1_248' title='bbox 890 3549 1019 3610; x_wconf 85' lang='lat' dir='ltr'><strong>quatenus</strong></span> <span class='ocrx_word' id='word_1_249' title='bbox 1040 3542 1196 3594; x_wconf 86' lang='lat' dir='ltr'><strong>subiectum.</strong></span> <span class='ocrx_word' id='word_1_250' title='bbox 1233 3543 1298 3595; x_wconf 85' lang='lat' dir='ltr'><strong>llam</strong></span> 
     </span>
     <span class='ocr_line' id='line_1_30' title="bbox 203 3629 1298 3706; baseline 0.007 -23"><span class='ocrx_word' id='word_1_251' title='bbox 203 3632 258 3683; x_wconf 84' lang='lat' dir='ltr'><strong>illia</strong></span> <span class='ocrx_word' id='word_1_252' title='bbox 279 3629 308 3684; x_wconf 79' lang='lat' dir='ltr'><strong>ad</strong></span> <span class='ocrx_word' id='word_1_253' title='bbox 331 3648 381 3702; x_wconf 86' lang='lat' dir='ltr'><strong>ego</strong></span> <span class='ocrx_word' id='word_1_254' title='bbox 407 3640 447 3684; x_wconf 90' lang='lat' dir='ltr'><strong>est</strong></span> <span class='ocrx_word' id='word_1_255' title='bbox 465 3636 594 3701; x_wconf 85' lang='lat' dir='ltr'><strong>apparitio</strong></span> <span class='ocrx_word' id='word_1_256' title='bbox 616 3636 724 3689; x_wconf 86' lang='lat' dir='ltr'><strong>duarum</strong></span> <span class='ocrx_word' id='word_1_257' title='bbox 744 3638 839 3688; x_wconf 89' lang='lat' dir='ltr'><strong>virium</strong></span> <span class='ocrx_word' id='word_1_258' title='bbox 863 3652 922 3689; x_wconf 88' lang='lat' dir='ltr'><strong>cum</strong></span> <span class='ocrx_word' id='word_1_259' title='bbox 940 3637 1053 3706; x_wconf 84' lang='lat' dir='ltr'><strong>singulis</strong></span> <span class='ocrx_word' id='word_1_260' title='bbox 1072 3637 1164 3690; x_wconf 84' lang='lat' dir='ltr'><strong>harum</strong></span> <span class='ocrx_word' id='word_1_261' title='bbox 1183 3641 1298 3706; x_wconf 85' lang='lat' dir='ltr'><strong>positio-</strong></span> 
     </span>
     <span class='ocr_line' id='line_1_31' title="bbox 203 3726 1299 3800; baseline 0.01 -24"><span class='ocrx_word' id='word_1_262' title='bbox 203 3726 296 3790; x_wconf 88' lang='lat' dir='ltr'><strong>nibus,</strong></span> <span class='ocrx_word' id='word_1_263' title='bbox 315 3727 358 3778; x_wconf 78' lang='lat' dir='ltr'><strong>liic</strong></span> <span class='ocrx_word' id='word_1_264' title='bbox 378 3729 479 3794; x_wconf 88' lang='lat' dir='ltr'><strong>ipsum,</strong></span> <span class='ocrx_word' id='word_1_265' title='bbox 498 3730 569 3797; x_wconf 87' lang='lat' dir='ltr'><strong>quod</strong></span> <span class='ocrx_word' id='word_1_266' title='bbox 587 3739 710 3798; x_wconf 83' lang='lat' dir='ltr'><strong>apparet,</strong></span> <span class='ocrx_word' id='word_1_267' title='bbox 731 3733 837 3785; x_wconf 86' lang='lat' dir='ltr'><strong>causalo</strong></span> <span class='ocrx_word' id='word_1_268' title='bbox 856 3733 1021 3800; x_wconf 84' lang='lat' dir='ltr'><strong>principium.</strong></span> <span class='ocrx_word' id='word_1_269' title='bbox 1065 3734 1178 3786; x_wconf 86' lang='lat' dir='ltr'><strong>Proinde</strong></span> <span class='ocrx_word' id='word_1_270' title='bbox 1204 3736 1236 3786; x_wconf 91' lang='lat' dir='ltr'><strong>ab</strong></span> <span class='ocrx_word' id='word_1_271' title='bbox 1258 3736 1299 3786; x_wconf 86' lang='lat' dir='ltr'><strong>lris</strong></span> 
     </span>
     <span class='ocr_line' id='line_1_32' title="bbox 202 3821 1298 3900; baseline 0.009 -26"><span class='ocrx_word' id='word_1_272' title='bbox 202 3822 304 3874; x_wconf 87' lang='lat' dir='ltr'><strong>duobus</strong></span> <span class='ocrx_word' id='word_1_273' title='bbox 324 3821 417 3874; x_wconf 86' lang='lat' dir='ltr'><strong>relatio</strong></span> <span class='ocrx_word' id='word_1_274' title='bbox 436 3824 584 3893; x_wconf 84' lang='lat' dir='ltr'><strong>discrepat;</strong></span> <span class='ocrx_word' id='word_1_275' title='bbox 614 3835 655 3880; x_wconf 84' lang='lat' dir='ltr'><strong>est</strong></span> <span class='ocrx_word' id='word_1_276' title='bbox 679 3831 749 3882; x_wconf 81' lang='lat' dir='ltr'><strong>anim</strong></span> <span class='ocrx_word' id='word_1_277' title='bbox 768 3825 798 3883; x_wconf 84' lang='grc' dir='ltr'><strong>ιό</strong></span> <span class='ocrx_word' id='word_1_278' title='bbox 818 3844 883 3898; x_wconf 77' lang='lat' dir='ltr'><strong>ego,</strong></span> <span class='ocrx_word' id='word_1_279' title='bbox 906 3837 1034 3898; x_wconf 85' lang='lat' dir='ltr'><strong>quatenus</strong></span> <span class='ocrx_word' id='word_1_280' title='bbox 1061 3846 1112 3900; x_wconf 83' lang='lat' dir='ltr'><strong>ego</strong></span> <span class='ocrx_word' id='word_1_281' title='bbox 1137 3831 1224 3882; x_wconf 84' lang='lat' dir='ltr'><strong>resero</strong></span> <span class='ocrx_word' id='word_1_282' title='bbox 1245 3832 1298 3884; x_wconf 79' lang='lat' dir='ltr'><strong>rori</strong></span> 
     </span>
     <span class='ocr_line' id='line_1_33' title="bbox 203 3918 1298 3995; baseline 0.01 -28"><span class='ocrx_word' id='word_1_283' title='bbox 203 3933 254 3987; x_wconf 81' lang='lat' dir='ltr'><strong>ago</strong></span> <span class='ocrx_word' id='word_1_284' title='bbox 274 3918 457 3984; x_wconf 85' lang='lat' dir='ltr'><strong>phaenomena</strong></span> <span class='ocrx_word' id='word_1_285' title='bbox 478 3920 509 3972; x_wconf 89' lang='lat' dir='ltr'><strong>ad</strong></span> <span class='ocrx_word' id='word_1_286' title='bbox 528 3923 559 3975; x_wconf 80' lang='lat' dir='ltr'><strong>rai</strong></span> <span class='ocrx_word' id='word_1_287' title='bbox 587 3939 646 3993; x_wconf 81' lang='lat' dir='ltr'><strong>ego.</strong></span> <span class='ocrx_word' id='word_1_288' title='bbox 686 3925 769 3989; x_wconf 82' lang='lat' dir='ltr'><strong>Quum</strong></span> <span class='ocrx_word' id='word_1_289' title='bbox 789 3934 875 3977; x_wconf 91' lang='lat' dir='ltr'><strong>autem</strong></span> <span class='ocrx_word' id='word_1_290' title='bbox 901 3926 960 3978; x_wconf 91' lang='lat' dir='ltr'><strong>dico</strong></span> <span class='ocrx_word' id='word_1_291' title='bbox 987 3944 1047 3995; x_wconf 81' lang='lat' dir='ltr'><strong>„eqo</strong></span> <span class='ocrx_word' id='word_1_292' title='bbox 1072 3943 1128 3978; x_wconf 89' lang='lat' dir='ltr'><strong>sum</strong></span> <span class='ocrx_word' id='word_1_293' title='bbox 1158 3929 1208 3979; x_wconf 85' lang='lat' dir='ltr'><strong>mci</strong></span> <span class='ocrx_word' id='word_1_294' title='bbox 1232 3943 1298 3978; x_wconf 90' lang='lat' dir='ltr'><strong>con-</strong></span> 
     </span>
    </p>
   </div>
   <div class='ocr_carea' id='block_1_5' title="bbox 202 4005 1318 4375">
    <p class='ocr_par' dir='ltr' id='par_1_5' title="bbox 202 4005 1318 4375">
     <span class='ocr_line' id='line_1_34' title="bbox 205 4005 1318 4090; baseline 0.009 -26"><span class='ocrx_word' id='word_1_295' title='bbox 205 4016 300 4079; x_wconf 60' lang='lat' dir='ltr'><strong>scium,</strong></span> <span class='ocrx_word' id='word_1_296' title='bbox 320 4014 375 4066; x_wconf 92' lang='lat' dir='ltr'><strong>nali</strong></span> <span class='ocrx_word' id='word_1_297' title='bbox 397 4015 463 4067; x_wconf 86' lang='lat' dir='ltr'><strong>haec</strong></span> <span class='ocrx_word' id='word_1_298' title='bbox 483 4017 519 4068; x_wconf 87' lang='lat' dir='ltr'><strong>ita</strong></span> <span class='ocrx_word' id='word_1_299' title='bbox 541 4020 775 4087; x_wconf 85' lang='lat' dir='ltr'><strong>comprehendere,</strong></span> <span class='ocrx_word' id='word_1_300' title='bbox 795 4024 868 4090; x_wconf 89' lang='lat' dir='ltr'><strong>quasi</strong></span> <span class='ocrx_word' id='word_1_301' title='bbox 888 4023 965 4074; x_wconf 90' lang='lat' dir='ltr'><strong>simul</strong></span> <span class='ocrx_word' id='word_1_302' title='bbox 984 4023 1095 4074; x_wconf 82' lang='lat' dir='ltr'><strong>sintdua</strong></span> <span class='ocrx_word' id='word_1_303' title='bbox 1114 4025 1141 4073; x_wconf 88' lang='lat' dir='ltr'><strong>in</strong></span> <span class='ocrx_word' id='word_1_304' title='bbox 1154 4005 1318 4074; x_wconf 68' lang='lat' dir='ltr'><strong>conscien-⁴</strong></span> 
     </span>
     <span class='ocr_line' id='line_1_35' title="bbox 204 4111 1300 4188; baseline 0.01 -28"><span class='ocrx_word' id='word_1_305' title='bbox 204 4111 241 4161; x_wconf 85' lang='lat' dir='ltr'><strong>tia</strong></span> <span class='ocrx_word' id='word_1_306' title='bbox 259 4125 328 4180; x_wconf 82' lang='lat' dir='ltr'><strong>cgo;</strong></span> <span class='ocrx_word' id='word_1_307' title='bbox 360 4111 405 4164; x_wconf 84' lang='lat' dir='ltr'><strong>scd</strong></span> <span class='ocrx_word' id='word_1_308' title='bbox 433 4127 512 4164; x_wconf 90' lang='lat' dir='ltr'><strong>unum</strong></span> <span class='ocrx_word' id='word_1_309' title='bbox 537 4113 660 4182; x_wconf 87' lang='lat' dir='ltr'><strong>idemque</strong></span> <span class='ocrx_word' id='word_1_310' title='bbox 679 4132 729 4185; x_wconf 85' lang='lat' dir='ltr'><strong>ego</strong></span> <span class='ocrx_word' id='word_1_311' title='bbox 756 4125 812 4182; x_wconf 85' lang='lat' dir='ltr'><strong>eat,</strong></span> <span class='ocrx_word' id='word_1_312' title='bbox 840 4119 930 4187; x_wconf 90' lang='lat' dir='ltr'><strong>quod,</strong></span> <span class='ocrx_word' id='word_1_313' title='bbox 952 4125 1068 4188; x_wconf 86' lang='lat' dir='ltr'><strong>quaeat</strong></span> <span class='ocrx_word' id='word_1_314' title='bbox 1092 4119 1196 4171; x_wconf 87' lang='lat' dir='ltr'><strong>abiecta</strong></span> <span class='ocrx_word' id='word_1_315' title='bbox 1222 4121 1300 4186; x_wconf 87' lang='lat' dir='ltr'><strong>ponit</strong></span> 
     </span>
     <span class='ocr_line' id='line_1_36' title="bbox 202 4205 1299 4284; baseline 0.01 -27"><span class='ocrx_word' id='word_1_316' title='bbox 202 4205 401 4272; x_wconf 80' lang='lat' dir='ltr'><strong>phaenomena,</strong></span> <span class='ocrx_word' id='word_1_317' title='bbox 420 4207 453 4259; x_wconf 87' lang='lat' dir='ltr'><strong>ad</strong></span> <span class='ocrx_word' id='word_1_318' title='bbox 472 4207 498 4259; x_wconf 91' lang='lat' dir='ltr'><strong>id</strong></span> <span class='ocrx_word' id='word_1_319' title='bbox 516 4209 613 4275; x_wconf 77' lang='lat' dir='ltr'><strong>refert,</strong></span> <span class='ocrx_word' id='word_1_320' title='bbox 643 4211 669 4268; x_wconf 87' lang='lat' dir='ltr'><strong>in</strong></span> <span class='ocrx_word' id='word_1_321' title='bbox 696 4213 771 4282; x_wconf 79' lang='lat' dir='ltr'><strong>caius</strong></span> <span class='ocrx_word' id='word_1_322' title='bbox 796 4221 825 4265; x_wconf 87' lang='lat' dir='ltr'><strong>at</strong></span> <span class='ocrx_word' id='word_1_323' title='bbox 850 4214 962 4268; x_wconf 79' lang='lat' dir='ltr'><strong>subiecti</strong></span> <span class='ocrx_word' id='word_1_324' title='bbox 986 4216 1149 4284; x_wconf 83' lang='lat' dir='ltr'><strong>cogitatione</strong></span> <span class='ocrx_word' id='word_1_325' title='bbox 1176 4223 1299 4269; x_wconf 86' lang='lat' dir='ltr'><strong>versatur</strong></span> 
     </span>
     <span class='ocr_line' id='line_1_37' title="bbox 202 4295 530 4375; baseline 0.015 -21"><span class='ocrx_word' id='word_1_326' title='bbox 202 4298 229 4354; x_wconf 83' lang='lat' dir='ltr'><strong>lu.</strong></span> <span class='ocrx_word' id='word_1_327' title='bbox 248 4317 273 4354; x_wconf 85' lang='lat' dir='ltr'><strong>c.</strong></span> <span class='ocrx_word' id='word_1_328' title='bbox 291 4299 324 4356; x_wconf 84' lang='lat' dir='ltr'><strong>ad</strong></span> <span class='ocrx_word' id='word_1_329' title='bbox 344 4295 375 4359; x_wconf 79' lang='lat' dir='ltr'><strong>ad</strong></span> <span class='ocrx_word' id='word_1_330' title='bbox 392 4317 530 4375; x_wconf 76' lang='lat' dir='ltr'><strong>ogo-casa.</strong></span> 
     </span>
    </p>
   </div>
   <div class='ocr_carea' id='block_1_6' title="bbox 0 0 1460 4698">
    <p class='ocr_par' dir='ltr' id='par_1_6' title="bbox 0 0 1460 4698">
     <span class='ocr_line' id='line_1_38' title="bbox 0 0 1460 4698; baseline 0 4"><span class='ocrx_word' id='word_1_331' title='bbox 0 0 1460 4698; x_wconf 95' lang='lat' dir='ltr'><strong> </strong></span> 
     </span>
    </p>
   </div>
  </div>
 </body>
</html>
