2910 4698
680 277 889 336 ...42-

239 456 299 513 tum
324 451 425 514 diflert
454 451 535 515 inter
555 455 781 534 corruptionem
813 460 843 517 et
871 460 991 532 ortum,
1016 455 1086 534 quia
1114 453 1222 531 etiam,
1255 471 1331 534 quae

238 560 391 637 oriuntur,
414 561 446 621 in
468 567 605 642 tempore
627 562 725 625 fiunt?
767 563 881 637 Quibus
911 563 1006 625 addas
1028 563 1119 625 velim
1150 562 1258 641 capitis
1292 564 1330 626 la

236 687 325 748 quum
348 670 442 734 verba
467 670 540 732 ond
572 672 627 734 τοῦ
649 672 768 751 χρόνον
796 680 826 734 et
848 668 914 734 όιό
937 668 989 732 τόν
1010 667 1126 750 χρόνον
1146 678 1241 751 (quae
1264 691 1331 734 ma-

235 778 348 840 nilesto
370 797 491 842 causam
515 781 697 843 allicientem
719 783 878 862 produnt),
902 788 962 844 tum
977 781 1181 843 elocutionem
1204 784 1329 863 φθορᾶς

236 890 293 968 γὰρ
321 885 419 960 αι”τιος
442 890 532 950 καθ’
553 887 679 951 αὐτόν
712 889 871 969 μόλλονό
903 891 1016 970 χρόνος
1050 896 1080 952 el
1112 891 1240 972 φθορᾶς
1272 889 1329 967 μὲν

235 993 321 1058 ἔσται
346 995 434 1057 καθ’
457 993 581 1059 αὑτὸν
611 995 717 1070 αἴτιος.
763 1001 847 1074 Quae
874 1000 899 1061 si
926 997 1230 1078 comprehendimuS‚
1258 1004 1329 1058 tan-

235 1111 295 1165 tum
330 1111 443 1167 certum
469 1113 533 1184 est,
564 1107 759 1170 Aristotelem
796 1108 989 1171 multifariam
1021 1109 1151 1188 tempori
1186 1107 1330 1170 tribuisse

233 1213 293 1274 vini
315 1219 344 1275 et
373 1215 564 1279 existentiam
588 1236 604 1280 a
630 1223 730 1278 mente
753 1217 880 1278 liberam
909 1217 938 1278 li.
963 1237 989 1286 a,
1021 1216 1203 1278 obiectlvam
1228 1234 1328 1296 quan-

237 1323 305 1384 dam
326 1323 504 1387 realitalem.
550 1324 633 1399 Quae
666 1343 754 1405 quum
786 1327 825 1388 ita
855 1327 933 1402 sint,
956 1326 1022 1392 iura
1050 1324 1123 1387 licet
1149 1325 1227 1404 apud
1259 1343 1327 1388 eum

238 1432 382 1512 temporis
399 1439 457 1494 tam
474 1433 722 1512 obiectivilatem‚
745 1453 834 1515 quam
847 1433 1100 1496 subiectivltatern
1113 1434 1328 1496 internoscere

233 1559 332 1621 neque
355 1559 431 1607 vero
455 1561 493 1604 ex
521 1543 558 1604 iis
580 1543 676 1620 locis,
707 1546 738 1605 in
770 1544 878 1624 quibus
906 1545 1078 1606 arctissimo
1109 1551 1226 1624 tempus
1257 1563 1326 1607 cuin

231 1651 385 1716 intellectu
411 1653 532 1715 vinculo
564 1654 715 1735 iungitur,
740 1660 949 1737 argumentum
974 1661 1095 1738 petere,
1123 1653 1321 1715 Aristotelem

230 1759 267 1820 ad
290 1761 489 1822 subiectivum
511 1780 545 1824 se
560 1763 658 1824 llantii
683 1763 901 1825 lormalismum
924 1762 1100 1828 inclinasse.
1146 1763 1210 1836 Qua
1234 1762 1273 1824 dc
1290 1782 1325 1825 re

228 1869 446 1950 nequicquam
471 1871 668 1934 dubitationis
691 1873 889 1953 relinquatur,
911 1872 1074 1934 nonnullos
1097 1872 1147 1934 lrlc
1168 1873 1326 1934 Aristote-

220 1976 372 2039 'lls'locos
396 1978 610 2042 subiiciomus:
643 1973 717 2042 όταν
740 1977 801 2062 μόρ
833 1980 925 2042 arlaci
945 1982 1047 2064 μηθὲν
1071 1980 1322 2058 μεταβάλλομεν

226 2080 279 2166 τὴν
305 2085 468 2166 όιόνοιαν,
492 2079 511 2171 ἢ
534 2086 682 2166 λάθωμεν
713 2063 982 2168 Ιιιετιιβόλλοντεις,
1016 2087 1059 2146 ov‘
1089 2087 1201 2146 όοκεῖ
1227 2084 1323 2168 ἡμῖν

225 2197 381 2276 γεγονέναι
396 2193 412 2256 ό
428 2194 540 2275 χρόνος
562 2203 640 2272 (tum
663 2204 779 2277 tempus
796 2197 915 2258 uidetur
929 2196 1017 2264 nohis
1035 2215 1096 2258 non
1118 2196 1323 2276 praeterirc);

226 2303 356 2370 deludet
391 2299 583 2368 συνάπτουσι
617 2302 676 2384 γὰρ
709 2304 740 2366 τό
767 2301 916 2382 πρότερον
946 2306 1001 2364 νῦν
1031 2307 1072 2388 aql
1108 2296 1241 2381 ὕστερον
1265 2306 1322 2366 νῦν

224 2422 279 2477 καί
299 2417 333 2478 ἓν
355 2415 517 2490 ποιοῦσιν,
541 2414 740 2491 ἐξαιροῦντες
770 2411 835 2472 όιό
868 2410 939 2492 τήν
969 2411 1256 2493 ἀναισθησίαν
1285 2407 1320 2472 τό

222 2523 379 2602 μεταξύ
405 2529 469 2598 (est
499 2539 574 2603 orgo
604 2523 819 2584 intermedium
843 2522 966 2602 aliquod
992 2529 1125 2602 tempus,
1156 2521 1237 2601 qiioil
1262 2538 1324 2582 no-

223 2638 316 2694 stram
340 2632 418 2717 lltgil
438 2628 696 2710 perceptionem);
717 2637 793 2691 lum:
818 2626 901 2692 οότω
923 2627 977 2690 καί
1000 2629 1068 2690 ἐπεῖ
1082 2628 1231 2690 λανθόιει
1254 2627 1322 2691 ἓτε-

224 2760 279 2817 ρον
303 2731 348 2816 όν,
374 2731 414 2799 oa}
437 2739 554 2798 δοκεῖ
572 2730 677 2798 εἶναι
700 2735 732 2798 τό
757 2736 876 2814 μεταξὺ
905 2737 1029 2816 χρόνος.
1078 2737 1108 2798 εἰ
1136 2735 1174 2818 alr}
1199 2736 1237 2796 ιό
1263 2735 1317 2818 μή

225 2842 390 2908 οἴεσθαι
425 2837 503 2906 εἶναι
538 2846 653 2928 χρόνον
688 2845 757 2908 τότε
789 2848 958 2925 συμβαίνει
990 2843 1064 2924 ἡμῖν
1099 2840 1151 2924 (τό
1186 2847 1320 2933 credere,

223 2961 338 3036 tempus
361 2973 423 3018 non
447 2973 539 3033 esse,
570 2972 631 3016 non
654 2952 687 3016 τό
717 2972 828 3024 revera
851 2972 912 3015 non
936 2971 1005 3016 esse
1031 2971 1126 3032 penes
1158 2972 1215 3015 nos
1246 2961 1320 3036 est),

223 3058 297 3128 όταν
319 3064 370 3153 μοχ
403 3062 616 3144 όρίσωμεν
646 3065 804 3143 μιχόεμιάν
825 3062 1022 3142 μεταβολήν,
1048 3061 1117 3122 ἀλλ’
1138 3063 1171 3123 ἐν
1195 3057 1242 3124 ἔνι’
1268 3063 1322 3126 καί

223 3175 394 3260 ἀδιαιρέτῳ
418 3177 621 3258 φαίνηται
649 3171 666 3252 ἡ
691 3169 779 3254 ψυχή
804 3175 910 3260 μένειν
939 3172 1075 3246 (cauetur
1097 3173 1318 3253 solummodo),

221 3273 295 3345 όταν
320 3285 353 3348 tt
378 3278 622 3358 αἰσθώμεθα
646 3283 715 3340 καί
736 3279 953 3360 ὃριόοομεν,
974 3281 1042 3342 τότε
1068 3283 1173 3364 φαμὲν
1195 3283 1320 3362 γεγονέ-

219 3415 271 3458 ναι
304 3390 420 3474 χρόνον
448 3397 526 3472 (tutn
559 3389 685 3460 dicimus
720 3396 836 3468 tempus
872 3389 977 3469 lieri),
1011 3386 1147 3471 φανερὸν
1179 3383 1227 3450 ότι
1261 3390 1318 3452 οόκ

219 3498 303 3564 ἔστιν
328 3493 404 3572 ἄνευ
428 3499 577 3580 κινήσεως
601 3499 654 3560 καί
679 3501 857 3578 μεταβολῆς
882 3497 897 3566 ὁ
919 3498 1033 3576 χρόνος
1056 3497 1144 3572 (hinc
1165 3500 1319 3580 perspici-

218 3617 284 3690 tur,
308 3611 350 3674 nil
380 3609 461 3673 aliud
495 3608 690 3672 Aristotelem
721 3609 917 3688 probaturum
941 3606 1056 3684 fuisso,
1085 3624 1174 3686 quarn
1196 3615 1315 3688 tempus

217 3722 286 3786 sine
315 3726 398 3782 motu
426 3718 540 3780 nullum
566 3737 656 3797 esse,
690 3719 814 3780 minime
841 3734 915 3779 vero
946 3722 1064 3795 tempus
1097 3719 1221 3778 omnino
1251 3735 1314 3780 non

217 3849 287 3895 esse
310 3831 377 3891 sine
401 3830 529 3910 anima).
573 3829 692 3891 Deinde
714 3829 759 3889 sic
781 3827 897 3907 pergit:
932 3821 997 3903 ἅμα
1021 3824 1171 3906 κινήσεως
1194 3828 1316 3890 αἰσθα-

216 3938 339 4019 νόμεθα
362 3937 416 4000 καί
434 3937 550 4019 χρόνου
575 3940 699 4018 (eadem
725 3944 771 4000 est
794 3937 887 4018 igitur
909 3941 1007 3997 motus
1029 3954 1065 3997 ac
1088 3937 1235 4014 temporis
1259 3956 1315 3999 ra-

216 4053 277 4129 tio,
297 4051 338 4112 ita
358 4057 391 4112 ut
414 4051 439 4114 si
462 4051 514 4114 ille
535 4051 649 4132 absque
672 4047 827 4111 intellectu
853 4052 915 4122 cst,
938 4051 1055 4123 ternpus
1077 4062 1198 4124 quoque
1222 4047 1315 4108 obie-

218 4161 329 4224 ctivam
359 4160 489 4238 haheat,
519 4165 640 4242 praeter
669 4156 777 4218 mentis
807 4155 1056 4242 perceptionem,
1087 4154 1311 4232 existentiam).

218 4263 292 4332 όταν
313 4271 373 4349 μὲν
400 4259 457 4335 νόν
482 4265 524 4343 ὥς
548 4268 579 4336 ἓν
602 4261 635 4329 τό
664 4265 717 4328 οὖν
748 4256 1048 4338 αἰσθανώμεθα
1079 4259 1133 4324 καί
1161 4260 1204 4345 μὴ
1239 4254 1309 4346 ἦτοι
