2910 4698
605 259 812 322 ..pp-

158 433 325 498 dammodo
353 441 413 498 tum
427 435 640 514 Leibnitzius),
665 436 716 516 qui
732 419 906 516 animuum]
929 455 999 503 esse
1020 443 1254 518 paramentum,

158 562 268 625 puram
298 545 551 625 spontaneitatem
581 547 741 609 lactarunt.
794 547 877 621 Quos
903 564 1064 629 perperam
1085 547 1255 627 iudicasse,

159 653 224 716 iam
247 654 317 717 inde
338 661 472 740 apparet,
496 655 594 736 quod,
617 656 644 718 si
667 655 741 718 nibil
764 662 919 736 pateretur
940 657 1076 735 animus,
1102 655 1169 720 lieri
1194 674 1257 718 non

156 770 275 846 posset,
299 771 331 826 ut
357 765 491 828 externis
513 765 765 845 impressionibus
790 771 974 829 moveretur.
1017 766 1130 847 Ecquis
1153 771 1252 829 autern

157 880 227 952 est,
255 874 327 954 quin
358 875 479 953 videat,
510 875 569 938 tale
602 875 674 956 quid
701 875 891 948 ¹obtinentem
920 863 1022 938 omnia
1047 876 1256 939 conscientiae

157 983 335 1046 testimonia
365 1002 534 1065 spernere,
560 985 667 1065 quibus
700 985 851 1066 neglectis
881 986 988 1049 nescio
1014 985 1096 1066 .quid
1129 985 1256 1066 amplius

1 1134 10 1170 ,
97 1112 100 1117 ·
148 1109 275 1172 uerum,
301 1093 371 1174 quid
394 1095 507 1156 rationi
533 1112 702 1177 congruum
726 1095 936 1176 esseposslt?
969 1096 1030 1159 Sed
1052 1094 1102 1158 iac
1123 1094 1255 1174 animum

158 1221 229 1266 esse
248 1203 386 1268 absoluta
408 1204 564 1268 voluntate
587 1212 773 1280 exstructum
796 1225 854 1268 nec
877 1205 947 1269 ullis
967 1205 1134 1272 obnoxium
1149 1211 1255 1268 exter·

157 1312 209 1374 nis
231 1312 473 1393 impulsionibus,
498 1332 600 1376 nonne
620 1315 830 1378 necessarium
856 1315 955 1392 toret,
979 1320 1030 1392 ut,
1056 1332 1255 1396 quaecunque

157 1427 276 1504 ageret,
301 1423 463 1504 cogitaret,
486 1424 671 1504 possideret,
695 1423 792 1486 libera
817 1429 921 1486 essent
941 1423 1108 1503 suiipsius
1131 1424 1254 1492 actione

159 1529 295 1593 allecta?
327 1549 441 1609 nonne,
466 1549 544 1612 quae
567 1533 720 1613 propriam
744 1533 901 1595 constituit
922 1533 1014 1596 anirni
1036 1539 1182 1611 naturam,
1206 1531 1255 1596 sui

156 1640 253 1721 ipsius
277 1641 467 1704 conscicntia
492 1641 559 1704 sive
582 1643 639 1702 τοῦ
664 1659 723 1722 ego
752 1642 898 1722 cogitatio
926 1641 1005 1703 ultro
1034 1641 1161 1704 deberet
1182 1659 1253 1704 sua-

157 1767 217 1829 que
243 1757 352 1830 sponte
380 1769 450 1813 esse
479 1750 652 1813 suscitata?
695 1749 761 1812 lloo
793 1757 892 1813 autem
922 1768 1012 1830 quum
1042 1749 1252 1814 conscientiae

156 1863 219 1918 tum
245 1859 450 1938 experientiae
471 1876 652 1940 repugnare
676 1865 709 1920 ut
731 1859 811 1938 quod
842 1858 990 1938 maxime,
1016 1859 1140 1922 uberius
1165 1878 1253 1922 corn-

145 1945 328 2030 'monstrare
352 1967 431 2028 inira
461 1966 600 2041 nitemur.
645 1966 705 2036 Sed
738 1966 775 2028 ab
806 1967 900 2036 altera
926 1985 1047 2048 quoque
1076 1973 1161 2047 parte
1190 1985 1251 2030 non

156 2073 330 2154 doluerunt,
353 2077 403 2157 qui
428 2075 558 2137 animum
582 2075 620 2136 ab
644 2075 726 2136 omni
745 2074 841 2138 libera
866 2077 1056 2138 reactivitate
1076 2095 1102 2139 s.
1123 2081 1252 2156 sponta-

155 2186 271 2249 neitate
285 2191 312 2263 ὁ)
336 2185 510 2248 destitutum
534 2201 605 2248 esse
624 2183 786 2266 [ingerent.
831 2186 953 2263 Verum,
976 2191 1008 2248 ut
1030 2191 1150 2248 taceam
1173 2202 1252 2248 con-

146 2377 456 2389 ..-.........----.---.

154 2470 375 2565 Rescbrankung)
396 2495 519 2560 asciscat,
539 2511 615 2562 quern
635 2501 723 2546 tameo
742 2510 839 2547 meram
851 2495 916 2546 facit
932 2493 964 2546 ab
983 2493 1040 2560 ipso
1060 2493 1110 2545 sibi
1128 2492 1250 2545 absoluto

141 2592 240 2646 ,auimo
259 2592 406 2658 impositam
428 2593 708 2658 circumscriptionem.
1187 2575 1192 2591 ’

255 2703 285 2774 ll)
306 2706 391 2759 Semel
419 2706 462 2758 hic
486 2715 593 2758 notasse
612 2705 744 2770 sufficiat,
769 2703 817 2756 sub
841 2703 928 2754 areima
957 2701 1072 2770 intelligi
1102 2699 1250 2768 spirituale,

154 2802 224 2869 quod
243 2810 351 2869 vocant,
380 2818 426 2854 ens
445 2819 466 2855 s.
488 2805 644 2870 principium
667 2797 716 2858 τὸν
741 2806 809 2858 νοῦν
829 2799 921 2870 (vulgo
941 2799 1111 2865 intellectus,
1132 2801 1249 2866 spiritus,

154 2911 237 2959 mens,
256 2899 323 2946 ratio
343 2897 420 2947 aliter
438 2899 621 2966 appellatum),
641 2904 770 2964 quatenus
792 2904 832 2948 est
850 2895 1013 2960 substantia,
1032 2897 1102 2945 omni
1123 2909 1250 2961 corporea

154 2989 224 3040 mole
242 3005 325 3040 vacua
344 2989 457 3058 ideoque
477 3006 530 3041 non
553 2990 736 3042 confundenda
762 3005 820 3041 cum
840 2991 960 3062 animatis
980 2997 1089 3040 naturae
1110 2988 1247 3054 subiectis,

28 3091 29 3096 ’
61 3083 78 3106 ·’
155 3083 249 3152 quibus
277 3087 390 3136 animam
418 3085 534 3156 (ψυχήν)
559 3087 647 3137 inesse
672 3086 842 3152 profitemur,
871 3086 983 3134 animam
1008 3090 1094 3134 autern
1121 3083 1248 3149 tribuere,

154 3182 285 3232 rationum
305 3180 348 3232 hic
367 3183 517 3232 necessario
537 3180 747 3247 reponendarum
768 3195 856 3242 causa,
874 3178 948 3230 nullo
969 3177 1046 3230 modo
1065 3192 1211 3246 possumus.

254 3301 285 3363 b)
304 3295 372 3346 Fore
393 3302 422 3346 ιιι
441 3297 544 3347 veniam
565 3298 701 3363 impetrem
720 3296 830 3348 vocibus
855 3294 1075 3360 ‚,receptivitatis,
1094 3293 1249 3345 renativita-

154 3390 197 3456 ιιι,
216 3393 433 3458 spontaneitatis“
454 3391 609 3459 adoptandis
629 3407 660 3446 eo
684 3393 806 3444 fidentius
825 3405 919 3459 spero,
938 3404 989 3458 quo
1009 3397 1035 3440 ct
1054 3390 1169 3455 aptiores
1187 3395 1249 3439 aunt

155 3488 186 3539 ad
206 3487 241 3553 id,
261 3487 329 3555 quod
348 3496 436 3540 mente
457 3489 631 3554 complector,
658 3489 844 3540 enuntiandum
865 3495 891 3538 et
911 3487 1007 3536 nostris
1027 3483 1118 3535 diebus
1136 3485 1247 3535 univer·
1304 3515 1308 3528 ι

124 3563 134 3574 ”
155 3582 203 3636 sali
223 3587 291 3636 inter
310 3583 483 3652 philosophos
502 3599 553 3635 risu
572 3586 743 3653 receptiores.
788 3584 843 3634 Hoc
862 3589 960 3634 tantum
984 3579 1039 3631 noli
1060 3580 1180 3645 credere,
1201 3592 1247 3632 re·

154 3682 333 3748 ceptivitatem
362 3681 619 3748 spontaneitatemve
650 3685 772 3750 (quarum
799 3677 871 3730 illam
895 3677 1000 3728 mutatis
1026 3674 1156 3728 mutandis
1183 3675 1247 3728 licet

146 3777 372 3849 Λρισιοιελικῶς
396 3793 493 3831 vocare
521 3783 590 3836 γοῦν
617 3773 785 3845 παθητικὸν,
810 3777 877 3827 hanc
902 3772 1061 3846 ποιητικὸν)
1088 3792 1147 3828 osse
1172 3771 1245 3826 reale

154 3874 293 3942 quicquam
314 3889 362 3941 per
380 3889 408 3926 se
434 3874 597 3940 subsistens,
617 3890 711 3943 quum,
731 3875 753 3925 si
772 3873 808 3923 ita
828 3887 857 3923 se
875 3887 918 3923 res
936 3870 1060 3937 haberet,
1078 3873 1179 3923 animus
1200 3875 1246 3920 aut

152 3969 301 4021 absolutum
322 3976 392 4021 esset
412 3970 569 4036 principium
582 3977 627 4021 aut
644 3976 752 4021 naturae
771 3969 853 4020 instar
867 3969 906 4020 sic
924 3975 1097 4035 comparatus,
1119 3974 1148 4016 ut
1160 3964 1245 4031 plrae-

150 4079 262 4117 nomena
282 4065 387 4134 quidem
406 4065 541 4117 obiective
561 4065 653 4131 realia,
673 4065 844 4118 substantiam
864 4079 929 4117 vcro
948 4065 1014 4132 ipsis
1032 4065 1146 4114 innatam
1165 4066 1245 4126 atque

152 4161 273 4212 amissam
294 4163 369 4229 (ein.
389 4162 441 4213 und
460 4162 678 4232 anigegangen),
697 4163 803 4214 minime
823 4177 897 4227 vero,
917 4167 945 4210 ut
965 4174 1012 4212 ens
1031 4155 1151 4220 causale,
1171 4159 1246 4206 extra

153 4262 179 4308 et
197 4263 257 4324 post
275 4271 304 4308 so
325 4259 436 4324 positam
457 4257 603 4311 exhiberet.

1023 4343 1045 4410 4

273 4463 277 4472 ’
350 4531 406 4628 x
