2910 4698
581 277 790 344 *dt-

137 453 299 521 obiectum
319 466 394 518 vero
422 461 548 519 eatenus
571 455 632 518 tale
658 461 722 534 est,
758 462 905 536 quatenus
929 457 967 520 ad
992 457 1160 522 subiectum
1181 475 1235 522 rc-

137 564 234 626 fertur
256 564 382 644 eiusque
405 571 452 627 est
475 564 699 644 praedicatum,
722 565 888 645 accidens,
908 567 1110 646 adiectivum,
1135 566 1236 647 quali-

137 680 184 736 tas
208 667 257 746 (td
284 671 504 755 φαινόμενον),
549 675 634 748 Quae
656 692 746 755 quum
770 676 871 738 omnia
894 694 911 737 e
932 676 1071 740 subiecto
1095 676 1144 739 vel
1168 677 1234 756 ipsa

137 782 305 848 substantia
328 783 385 866 (roi
408 782 565 870 νουμὲνῳ)
582 783 737 863 pendeant
760 785 996 848 saeveritatem
1019 785 1078 846 nisi
1100 786 1132 846 in
1147 785 1235 865 prin·-
1267 830 1272 838 -

139 891 220 972 cipio
243 891 396 968 habeant,
426 892 664 974 metaphysicum
689 892 761 956 illud
781 893 1059 973 ¹prraedicatum12)
1087 893 1147 956 tale
1176 900 1233 974 est,

138 1005 306 1082 quatenus,
337 1017 415 1080 quac
443 1000 573 1064 subiecti
598 1008 688 1079 sunt,
722 1003 898 1082 praedicat,
930 1003 970 1064 ita
1001 1008 1034 1064 ut
1065 1002 1234 1066 subiectum

137 1108 219 1172 nulla
243 1109 361 1173 fruatur
383 1109 450 1173 sine
473 1110 659 1190 praedicatis
682 1111 868 1174 delinitione.
913 1111 1070 1174 Accidens
1098 1116 1233 1190 (coppe.

134 1215 247 1300 pande)
269 1218 422 1282 obiectum
452 1223 613 1300 propterea
639 1225 704 1297 est,
739 1220 820 1300 quod
851 1221 1063 1300 phaenomena
1092 1219 1234 1284 subiecto

137 1327 223 1408 quasi
246 1326 389 1390 accidunt
410 1344 509 1407 neque
534 1328 687 1392 essentiae
716 1329 782 1392 eius
811 1346 865 1409 per
887 1348 922 1392 se
948 1335 1020 1392 sunt
1043 1331 1231 1394 necessaria.

135 1438 196 1499 lam
220 1436 299 1500 enim
328 1434 516 1517 exploratum
541 1436 707 1515 habemus,
731 1455 911 1518 suspensam
944 1456 1014 1503 esse
1043 1440 1234 1521 phaenome-

135 1563 243 1608 norum
263 1544 538 1607 manifestationem
559 1564 576 1607 e
596 1545 723 1625 [crioilo
742 1546 871 1626 impulsu
892 1553 1032 1626 externo,
1055 1565 1114 1630 quo
1132 1554 1233 1612 tamen

135 1654 232 1718 semel
254 1654 337 1718 illato
360 1654 639 1736 phoenomenisque
656 1655 695 1718 ad
719 1656 842 1720 causale
863 1656 967 1719 relatis
989 1655 1045 1718 τοῦ
1065 1674 1124 1738 ego
1146 1657 1233 1736 prin-

138 1765 268 1843 cipium,
292 1764 488 1843 accidentia,
522 1767 581 1845 oud
616 1765 685 1828 talis
713 1765 743 1827 h.
771 1785 798 1828 e.
834 1767 892 1845 qua
927 1765 1043 1828 fortuiti
1078 1766 1232 1848 quiddam,

137 1871 261 1935 tollitur.
304 1873 380 1936 Nam
408 1874 434 1937 is
459 1891 539 1936 nunc
568 1873 696 1936 effectus
719 1880 766 1936 cst
798 1873 971 1936 essentialis
1004 1874 1095 1938 animi
1124 1880 1231 1954 status,

137 1989 170 2046 ut
192 1984 260 2047 sine
281 1983 342 2046 ulla
365 1984 402 2046 ab
425 1984 484 2046 hoc
506 1991 645 2064 tempore
660 1985 888 2048 intermissione
910 1985 949 2046 sit
962 1985 1232 2064 receptiva-cpon-

136 2099 244 2154 tuneus
266 2111 321 2154 seu
342 2093 373 2153 in
397 2092 539 2154 facultate
560 2092 779 2172 impressiones
798 2094 969 2172 recipiendi
985 2084 1142 2174 libereque
1160 2109 1234 2158 rea-

134 2197 229 2284 gendi
254 2201 382 2280 positus.
427 2199 490 2262 lam
512 2217 587 2264 vero
612 2201 729 2263 animus
754 2215 815 2262 non
838 2195 937 2263 solum
961 2199 1134 2280 bipartitum
1157 2202 1231 2266 illud

136 2311 288 2374 obiectum
312 2310 348 2372 ad
374 2309 552 2387 subiectum,
578 2309 857 2390 phaenomcnorum
874 2309 1053 2372 dualismum
1070 2310 1108 2372 ad
1123 2327 1233 2374 essen-

136 2420 197 2482 tiae
219 2420 442 2500 simplicitatem
468 2419 582 2496 refert,
617 2420 658 2480 ita
675 2426 714 2501 ‘ut
737 2420 884 2501 cogitatio
908 2419 987 2482 idem
1012 2418 1161 2500 simulque
1192 2420 1232 2482 sit

135 2547 202 2592 cum
225 2529 385 2592 existentia
413 2533 443 2590 ct
467 2529 498 2589 in
530 2529 696 2608 utriusque'
715 2533 814 2590 mutua
839 2529 953 2590 unitate
983 2529 1105 2608 propria
1139 2528 1232 2592 animi
1285 2562 1287 2568 ·

134 2641 196 2702 vita
222 2641 379 2718 consistat,
404 2637 459 2700 sed
481 2639 602 2720 cogitur
631 2638 731 2716 etiam,
755 2637 876 2717 utrique
901 2643 931 2700 et
952 2637 1092 2700 subiecto
1114 2637 1233 2718 princi-

134 2749 184 2827 pio
208 2755 238 2811 et
260 2749 401 2812 obiectae
430 2747 669 2812 manifestationi
694 2746 723 2810 la.
748 2767 775 2810 e.
806 2746 896 2810 statui
925 2745 1110 2810 definitionis
1138 2765 1232 2828 prae-

136 2870 251 2933 ponere
283 2856 501 2918 indefmitionls
533 2856 762 2934 conditionem,
794 2874 872 2936 quae
902 2862 972 2918 ante
1002 2871 1121 2918 omnem
1153 2875 1232 2920 con-

134 2961 284 3026 scientiae
313 2963 529 3043 cogitationem
557 2965 597 3025 slt
621 2962 764 3042 quidem,
796 2963 850 3024 sed
875 2962 1079 3040 potentialiter
1097 2965 1138 3041 13)
1162 2970 1232 3026 tan-

134 3077 218 3149 tum,
251 3089 335 3133 mera
368 3070 511 3133 facultate
543 3071 581 3133 ad
614 3069 767 3158 causalem
800 3070 1001 3150 perventendl
1037 3069 1229 3136 existentiam

132 3180 270 3262 praedita
290 3182 340 3260 1ι).
385 3179 464 3254 Quid
491 3180 584 3262 igilur
611 3179 754 3242 videtur?
796 3181 873 3244 Num
895 3179 1013 3262 fingere
1042 3185 1148 3262 potes,
1173 3199 1227 3246 ens

139 3346 437 3360 ..—.—.—-..-.-—a

236 3443 280 3508 12)
301 3439 376 3504 Quod
396 3455 490 3492 carcaa
509 3456 543 3491 ne
562 3439 678 3510 logicum
698 3449 784 3508 putes,
804 3441 926 3509 quoniam
943 3439 1016 3490 illius
1035 3439 1180 3506 praedicati
1197 3439 1230 3494 ad

133 3539 281 3592 subiectum
304 3537 399 3588 relatio
427 3536 479 3588 alia
502 3543 558 3601 est,
579 3552 654 3604 quam
675 3550 742 3604 quae
763 3538 832 3588 inter
855 3536 972 3586 notionis
990 3535 1152 3589 universalia
1170 3535 1228 3588 siu.

129 3634 288 3704 galaciaque
302 3632 450 3686 intercedit.

237 3731 282 3800 13)
303 3729 344 3782 Cf.
363 3731 445 3783 Arist.
468 3729 500 3780 de
518 3743 559 3779 aa.
578 3726 628 3791 lll,
646 3726 671 3778 4.
691 3742 718 3794 p.
737 3725 799 3790 429,
819 3741 843 3777 a.
864 3728 916 3778 22:
942 3725 957 3780 d
979 3725 1035 3799 ἄρα
1055 3726 1227 3800 καλούμενος

132 3829 178 3895 τῆς
196 3835 285 3898 ψυχῆς
305 3829 389 3888 rode
408 3831 489 3898 (λέγω
511 3827 541 3882 dt
560 3828 629 3880 νοῦν
649 3815 671 3896 ᾧ
689 3825 898 3878 διανοεῖται
916 3827 962 3876 καὶ
985 3824 1229 3896 ὑπολαμβάνει

134 3924 258 3995 dspexit)
279 3921 389 3977 οὐθέν
409 3923 777 3990 ἐστινένεργείᾳτιῦν
797 3917 908 3974 ὄντων
934 3923 1024 3987 πρὶν
1054 3930 1174 3983 νοεῖν,
1203 3925 1231 3970 cl

136 4018 196 4068 ibid.
223 4019 249 4083 b,
269 4019 320 4070 30:
348 4017 467 4088 (forcipes
486 4015 547 4074 nuic
573 4018 631 4069 ἐστι
652 4008 686 4067 sd
707 4014 793 4079 vaurd
811 4013 825 4068 ὃ
842 4016 922 4080 νοῦς,
947 4015 1004 4068 cili'
1029 4017 1229 4090 ἐντελεχείᾳ

132 4111 251 4177 οὐδὲν,
279 4119 367 4182 πρὶν
392 4111 433 4167 ἂν
457 4114 526 4184 νοῇ.

240 4209 281 4279 ιι)
301 4209 466 4262 ludednitum
486 4208 565 4260 animi
585 4221 631 4260 eus
650 4205 756 4275 duplice
780 4206 896 4272 laborat,
916 4211 945 4256 ut
965 4206 1001 4256 ita
1022 4202 1121 4268 dicam,
1141 4218 1226 4273 negas.

130 4304 204 4356 tionc
229 4316 309 4372 quun
333 4303 471 4375 piculetae
498 4309 608 4362 caturae
634 4308 689 4358 tum
716 4301 878 4370 delinitoriis
908 4307 934 4354 ct
947 4297 1162 4370 explicationiar
1179 4297 1228 4358 ille
