2910 4698
684 275 894 334 ..48-

241 453 370 538 spernit,
389 451 547 534 physicum
569 451 670 533 potius
690 451 740 516 vel
756 452 839 516 aliud
857 451 979 533 quidvis
998 450 1224 533 appellaverim,
1249 465 1336 530 quam

241 563 480 644 metaphysicum
505 563 571 625 sive
603 581 739 628 summae
772 563 942 626 studiosum
966 560 1150 642 sapientiae,
1181 559 1268 624 cuius
1291 564 1337 621 est

241 692 343 738 rerum
366 672 500 736 omnium
523 672 695 736 divinarum
719 673 978 753 humanarumque
1001 689 1091 753 quum
1112 671 1174 734 vim
1196 675 1227 732 et
1248 675 1340 732 natu·-

242 799 306 846 ram
342 783 519 864 perspicere
554 788 615 845 lum
651 801 760 846 causas
790 782 952 863 explorare
983 787 1015 845 et
1037 781 1070 842 in
1098 797 1161 844 uno
1195 777 1334 842 absoluto

240 893 391 974 principio
415 892 662 955 conciliationem
684 893 916 975 (Vermittlung)
938 891 1126 973 perquirere.

343 1000 460 1075 Quodsi
480 1007 615 1064 nostram
636 1001 781 1081 ipsorum,
802 1002 921 1082 qualem
941 1000 1021 1063 ultro
1044 1018 1079 1065 se
1100 997 1236 1080 praebet,
1259 1012 1339 1058 con-

242 1110 402 1175 scientiam
435 1110 648 1190 enucleamus,
679 1111 711 1171 in
741 1111 816 1174 duas
846 1111 1008 1174 incidimus
1042 1109 1185 1202 diversae
1212 1105 1338 1170 omnino

242 1227 369 1284 naturae
401 1221 548 1282 rationes.
594 1221 725 1294 Quarum
759 1221 879 1300 quidem
906 1220 1021 1297 altera,
1051 1220 1084 1281 in
1115 1215 1339 1299 phaenomenis
1432 1215 1433 1224 ³

242 1331 342 1412 posita
363 1329 452 1392 fluxis
480 1330 641 1412 fugacibus
668 1329 889 1409 celerrimeque
911 1349 946 1393 se
972 1330 1103 1392 invicem
1136 1325 1339 1390 successione

243 1439 478 1522 excipientibus,
503 1439 653 1519 duplicem
679 1456 784 1502 rursus
812 1457 886 1519 prae
912 1457 947 1502 se
970 1439 1028 1502 lert
1057 1437 1208 1512 indolem3
1240 1435 1338 1498 altera

244 1569 320 1613 vero
343 1567 400 1613 suo
423 1567 544 1629 semper
574 1555 654 1611 statu
677 1565 803 1611 manens
832 1567 932 1628 neque
962 1548 1033 1611 ullis
1065 1545 1342 1623 vicissitudinibus,

245 1658 573 1728 commutationibusve
602 1659 741 1736 obiecta,
766 1665 907 1738 tanquam
929 1657 1072 1738 scopulus
1092 1658 1123 1718 in
1145 1656 1223 1720 mari
1247 1651 1338 1732 sitm,

243 1769 407 1831 everberat
437 1757 618 1830 fluctuosum
653 1768 933 1847 phaenomenorum
969 1772 1095 1830 aestum.
1140 1767 1245 1846 ltaque
1276 1764 1338 1826 iam

241 1877 374 1958 priorem
390 1876 481 1953 illam,
497 1894 575 1955 quae
591 1875 740 1955 duplicem
760 1877 890 1956 explicat
906 1883 1055 1954 naturam,
1067 1876 1125 1938 rite
1138 1889 1339 1955 exponamus,

244 1986 356 2050 Omnes
377 1985 456 2047 enim
473 1984 554 2046 vilae
574 1989 709 2062 nostrae,
726 2002 803 2064 quae
823 1983 987 2066 cogitando
1006 1990 1096 2064 atque
1113 1982 1234 2065 agendo
1259 2000 1341 2044 con-

242 2101 311 2172 stat,
336 2093 457 2173 species
482 2111 519 2156 eo
546 2093 695 2172 redeunt,
718 2100 751 2156 ut
780 2094 841 2156 sint
864 2100 914 2155 aut
942 2093 1081 2155 actiones
1103 2086 1265 2171 (πράξεις)
1288 2097 1342 2152 aut

241 2203 457 2285 perpessiones
481 2199 614 2284 (πάθη).
660 2205 792 2278 Quarum
828 2209 965 2265 naturam
1001 2201 1215 2284 indagantibus
1247 2200 1339 2262 nobis
1432 2245 1433 2292 p

242 2313 333 2376 facile
356 2313 530 2389 innotescit,
556 2330 608 2374 eas
632 2330 722 2392 quum
745 2312 859 2374 diversi
882 2311 995 2390 aliquid
1016 2317 1076 2372 turn
1096 2327 1255 2373 commune
1278 2308 1341 2372 lna·
1432 2329 1433 2370 l

242 2421 317 2486 bere
340 2423 369 2484 b.
394 2443 420 2484 e.
442 2422 551 2501 partim
573 2421 632 2482 sibi
655 2421 809 2501 oppositas
844 2439 914 2483 esse
943 2419 1051 2500 partim
1075 2419 1113 2481 ad
1136 2407 1226 2481 unum
1252 2418 1303 2480 rei
1319 2457 1340 2472 -

243 2531 356 2594 rendas
378 2537 574 2610 utrarumque
592 2530 784 2610 principium.
828 2531 904 2592 Dum
928 2531 1008 2592 enim
1031 2531 1161 2610 agimus,
1177 2545 1267 2590 nenio
1287 2525 1342 2589 ‘est

242 2647 364 2718 praeter
391 2639 596 2718 nosmetipsos
620 2639 773 2700 actionum
801 2659 817 2700 a
850 2639 939 2701 nobis
962 2644 1202 2719 perpetratarum
1229 2654 1340 2714 causa3

243 2753 273 2808 at
295 2747 498 2826 impressione
522 2747 592 2808 dum
612 2766 779 2824 movemur,
801 2747 896 2808 altera
919 2748 1040 2809 accedit
1061 2765 1163 2828 causa,
1179 2747 1261 2808 unde
1283 2767 1343 2808 ex-

242 2855 332 2932 terni,
356 2854 463 2934 quibus
486 2854 636 2934 pellimur,
662 2855 739 2917 ictus
760 2856 951 2935 procedunt,
974 2857 1043 2936 qui,
1065 2857 1116 2919 ubi
1137 2857 1266 2918 animum
1291 2856 1341 2918 al-

245 2963 395 3042 secerunt,
415 2971 564 3026 vocanlur
585 2966 801 3045 perpessiones
813 2987 821 3042 3
848 2984 918 3032 nam
939 2967 1059 3045 patitur,
1083 2967 1248 3046 percutitur
1264 2965 1343 3027 ieri-

135 3127 141 3138 .
241 3080 348 3156 turque
380 3074 497 3136 animus
529 3073 663 3154 pulsibus
689 3075 839 3137 eiusmodi
873 3075 1064 3137 adventiciis.
1118 3076 1203 3149 Quae
1233 3093 1338 3154 quarn-

243 3201 332 3263 quam
356 3190 425 3245 sunt
448 3183 688 3261 evidentissima,
714 3190 813 3245 lamen
836 3184 935 3246 habeo
959 3185 1039 3264 quod
1063 3185 1208 3246 nonnulla
1231 3185 1304 3264 proi
1320 3219 1339 3232 -

243 3309 307 3354 ram
332 3297 545 3372 argumentae
567 3293 688 3367 ratione
710 3293 813 3371 petita.
858 3293 1035 3372 Complures
1059 3295 1139 3356 enim
1159 3282 1339 3357 exstiterunt
1432 3345 1433 3378 ,

246 3401 342 3479 (inter
370 3418 485 3480 eosque
514 3399 609 3480 longe
631 3400 910 3480 praestantissimus
935 3420 1025 3482 quum
1056 3403 1188 3466 Ficlrtius
1204 3407 1232 3482 3)
1259 3422 1339 3484 quo·
1432 3381 1433 3462 ξ

240 3575 532 3587 .-.,.--.---
1347 3565 1373 3599 Q

246 3704 343 3761 tatem,
366 3713 381 3748 e
406 3697 526 3764 pluribus
546 3697 630 3766 liquet
654 3701 710 3751 eius
729 3701 813 3767 locis,
839 3715 948 3769 quorum
973 3704 1000 3753 in
1025 3717 1087 3768 uno,
1107 3719 1140 3756 ne
1164 3704 1260 3756 multus
1279 3707 1337 3770 sim,

244 3796 422 3862 acquiescam,
441 3794 473 3846 de
492 3811 533 3847 an.
553 3795 597 3862 lll,
616 3801 651 3850 4:
671 3805 736 3870 περὶ
757 3801 787 3853 dl
805 3799 854 3854 τοῦ
871 3803 975 3871 μορίου
995 3797 1068 3870 [τοῦ]
1089 3801 1136 3874 τῆς
1149 3805 1239 3871 ψυχῆς
1256 3793 1337 3873 ᾦγι-
1432 3809 1433 3872 l

245 3895 349 3946 νώσκει
368 3905 396 3942 re
416 3889 431 3958 ἦ
450 3889 524 3963 ψυχή
544 3897 595 3947 καὶ
612 3906 719 3966 φρονεῖ
738 3899 806 3959 (εἴτε
824 3897 968 3965 χωριστοῦ
989 3895 1070 3956 ὄντος
1088 3900 1141 3951 εἴτε
1160 3904 1207 3950 καὶ
1224 3894 1262 3971 μὴ
1280 3919 1338 3969 χω-
1432 3877 1433 3932 l

247 3991 345 4058 procori
362 3978 433 4040 κατὰ
450 3993 571 4061 μέγεθος
598 3985 668 4044 ἀλλὰ
687 3989 758 4046 κατὰ
777 3991 874 4064 λόγον)
895 3996 1069 4048 σκεπτέον
1088 3996 1151 4048 rtr'
1171 3996 1249 4063 ἔχει
1264 3995 1339 4050 δια·

247 4083 384 4157 φοράν,
405 4089 467 4138 καὶ
487 4082 880 4159 πῶςποτὲγίνεταιτό
900 4076 1011 4144 bosia.

275 4223 277 4231 ν
347 4198 375 4268 3)
396 4195 572 4264 Quamquam,
593 4212 660 4264 quae
686 4197 729 4248 hic
755 4197 833 4264 dico,
859 4215 910 4250 non
933 4214 1037 4266 quoquo
1058 4200 1134 4251 modo
1160 4204 1186 4253 in
1209 4201 1340 4255 Ficbtium

250 4293 420 4359 conveniunt,
442 4294 540 4362 quippe
559 4293 603 4361 qui
622 4291 735 4360 aliquam
753 4296 839 4346 animo
847 4296 994 4363 passionem
1007 4310 1027 4348 s.
1037 4297 1175 4350 terminum
1185 4298 1342 4371 (Schranke,
1430 4325 1431 4328 ¹
