2910 4698
579 281 786 341 ..qq-

130 452 233 532 alunt,
257 454 289 516 in
311 461 417 520 nostra
441 459 595 520 communi
616 458 805 522 conscientia
827 460 932 539 insint,
956 480 995 524 ex
1011 461 1193 526 immediatis
1207 469 1231 540 ¹)
1287 498 1296 516 ι

128 567 278 643 tanquam
301 567 432 630 mediata
454 567 587 632 reddere
613 587 725 650 eaque,
749 569 880 654 singulis
901 571 1063 634 momentis
1083 572 1122 634 ad
1143 571 1231 652 prin-

125 675 245 754 cipium
264 676 387 757 aliquod
409 679 535 758 primum
559 681 703 758 redactis,
728 701 763 762 ,a
784 681 898 762 priori“
915 699 1145 764 recognoscere
1164 688 1232 746 stu-

125 785 282 848 debimus.
336 783 488 862 Quocirca
519 790 621 870 plures
651 809 769 871 eaeque
800 792 1002 873 gravissimae
1034 793 1172 855 oriuntur
1199 798 1230 856 et

124 894 357 959 solutionema
385 895 567 978 philosopho
600 900 752 979 postulant
784 901 990 980 quaestiones,
1020 902 1118 964 velut:
1146 901 1228 964 unde

126 1009 231 1065 crtum
264 1004 406 1067 duxerint
431 1008 507 1069 istae
526 1007 694 1086 notiones,
719 1010 786 1072 sine
809 1009 917 1088 quibus
946 1027 1004 1072 nec
1031 1010 1070 1073 de
1090 1017 1227 1091 tempore

125 1126 191 1176 nec
220 1115 377 1196 despatio
408 1117 486 1179 ullus
510 1133 579 1180 esse
612 1136 714 1207 sermo
744 1121 859 1198 potest,
892 1155 932 1167 -
960 1119 1030 1199 quid
1054 1120 1094 1182 sit
1120 1137 1226 1200 porro,

126 1223 213 1302 quod
234 1232 326 1306 cogat
348 1233 492 1304 mentem,
516 1228 657 1290 notiones
678 1229 707 1289 in
723 1229 912 1292 conscientia
929 1230 1166 1308 comprehensas
1189 1230 1225 1292 ad

123 1351 181 1418 res
204 1335 417 1398 circumiectas
440 1338 618 1416 transferre,
641 1339 783 1419 quodque
806 1339 833 1401 ei
849 1339 879 1400 id
901 1338 1080 1418 perficiendi
1097 1339 1229 1401 inculta·-

37 1477 41 1486 ·
123 1448 188 1504 tem
211 1444 373 1522 praebeat,
405 1481 444 1494 -
467 1446 599 1526 denique
622 1447 693 1526 quid
719 1448 772 1525 sit,
798 1448 878 1528 quod
907 1448 1007 1510 animo
1030 1448 1174 1527 temporis
1197 1454 1227 1510 et

123 1548 219 1630 spatii
243 1557 327 1613 extra
352 1568 409 1614 nos
435 1554 572 1615 translati
597 1554 767 1616 realitatem
791 1556 960 1635 spondeat,
981 1573 1112 1636 curque,
1135 1557 1227 1636 quid·
1281 1621 1287 1631 ,

125 1657 203 1738 quid
227 1660 293 1722 slve
309 1661 410 1724 animo
428 1663 493 1724 slve
510 1669 636 1746 natiuae
654 1664 908 1744 explicationibus
925 1671 1053 1742 constal,
1071 1671 1226 1745 tempora-

25 1781 27 1786 ’
122 1768 187 1830 lem
222 1769 412 1850 localemque
444 1773 595 1835 rationem
630 1779 771 1853 tanquam
807 1775 1004 1854 conspicuum
1042 1774 1223 1838 existentiae

123 1879 249 1961 signum
272 1879 441 1943 exhibeat?

627 2087 655 2154 §.
689 2083 718 2142 7.

233 2223 339 2303 Quale
362 2228 407 2289 stt
435 2229 534 2288 unintt
557 2231 683 2306 tempus
706 2227 737 2286 et
758 2227 899 2305 spolium
922 2228 1112 2306 esponitnr.

230 2376 262 2449 1)
283 2375 378 2436 Nemo
402 2374 541 2453 prolecto
565 2379 627 2450 est,
654 2373 747 2452 quin,
770 2371 1029 2452 quotiescunque,
1052 2373 1090 2435 de
1113 2373 1221 2452 quibus

124 2469 291 2560 quaeritur,
315 2482 456 2543 notiones
480 2481 591 2543 adres
615 2487 698 2542 extra
722 2499 756 2542 se
776 2481 889 2560 positas
913 2481 1037 2558 referat,
1058 2480 1145 2542 simul
1166 2499 1221 2542 se-

123 2591 282 2669 metipsum
311 2595 341 2651 et
363 2590 393 2651 in
424 2597 560 2670 tempore
591 2595 621 2650 et
648 2591 677 2651 in
701 2588 770 2651 loco
797 2589 915 2651 versari
946 2590 1083 2651 latentur.
1130 2587 1216 2662 Quod

124 2699 245 2783 quidem
276 2700 469 2762 manifestum
499 2699 707 2762 conscientiae
736 2705 860 2760 nostrae
883 2697 1004 2760 ellatum
1034 2705 1152 2777 monet,
1175 2704 1216 2776 ut,

123 2808 223 2887 quoad
242 2808 322 2886 licet,
349 2810 378 2869 in
403 2809 507 2870 intima
529 2809 608 2870 illius
633 2807 720 2886 quasi
742 2807 862 2869 viscera
885 2814 1078 2886 penetremus
1103 2814 1133 2869 et
1155 2825 1217 2869 non

123 2915 231 2998 solum,
257 2933 345 2993 quam
363 2917 403 2978 ibi
423 2917 610 2994 reperiamus
626 2917 772 2993 temporis
793 2935 829 2976 ac
852 2917 939 2994 spatii
957 2917 1214 2995 inlormalicnem,

100 3041 225 3087 uerum
244 3022 344 3100 etiam,
367 3039 454 3102 quem
479 3027 576 3082 crtum
596 3022 741 3100 ceperint,
761 3021 944 3083 recolamus.
984 3021 1115 3084 Accedit
1133 3023 1213 3102 quod

120 3132 166 3192 sul
200 3133 308 3212 cuique
343 3131 532 3194 conscientia
567 3136 597 3192 ct
630 3129 832 3191 certissimum
862 3136 908 3192 est
939 3136 969 3190 et
1000 3131 1212 3210 firmissimum,
1319 3137 1327 3150 '

118 3243 209 3305 immo
232 3241 352 3304 unicum
379 3241 573 3303 immediatae
606 3239 791 3322 cognitionis
820 3239 1018 3321 principium,
1044 3241 1125 3303 unde
1149 3261 1215 3304 rem

120 3351 301 3431 quamlibet,
332 3355 485 3424 communi
518 3358 546 3414 et
579 3350 699 3432 vulgari
731 3350 929 3430 perceptione
963 3351 1213 3430 comprehensam

116 3467 258 3540 repetere
284 3466 313 3521 et
336 3478 395 3538 quo
423 3461 573 3522 reducere
596 3466 734 3538 oportet,
759 3460 784 3519 si
816 3459 937 3536 quidem
961 3459 992 3517 in
1014 3475 1068 3518 sua
1091 3477 1157 3519 cam
1181 3465 1211 3519 et

76 3555 244 3634 ,'verltate
266 3573 386 3630 etcum
417 3567 527 3629 ceteris
550 3566 652 3627 mundi
679 3564 771 3626 rebus
802 3565 996 3626 connexione
1019 3583 1210 3646 cognoscere

116 3679 163 3741 vis
180 3684 219 3755 ²).
263 3677 317 3740 Est
338 3677 415 3740 baec
430 3677 509 3739 enim
532 3675 598 3739 sola
618 3673 799 3757 philosopho
823 3672 916 3754 digna
935 3663 1024 3752 ratio,
1048 3691 1135 3754 quam
1159 3677 1209 3758 qui

122 3825 137 3830 .-
145 3825 159 3830 «κ
165 3826 182 3830 -.
189 3825 212 3830 --
217 3820 418 3832 —nu——aed

217 3899 243 3963 l)
264 3895 303 3946 Sit
326 3897 405 3946 venia
424 3895 486 3946 huic
506 3895 681 3946 absimilibus
701 3909 750 3944 usu
780 3891 933 3960 quotidiano
953 3895 1067 3960 receptis
1087 3894 1206 3958 vocibus,

116 4008 182 4060 quae
201 3992 399 4060 perspicuitatis
419 4003 498 4040 cansa
521 3989 675 4040 retinendae
694 3989 767 4040 visae
786 3996 853 4040 sunt.

214 4089 244 4157 2)
264 4086 335 4139 Idem
361 4084 497 4138 lectitandi
524 4070 698 4149 A'ristoteles,
725 4096 801 4151 quern
826 4085 921 4136 merito
947 4082 1081 4148 appellare
1107 4087 1207 4148 patrem

114 4183 312 4249 metaphysicae
332 4183 405 4248 licet,
425 4181 484 4250 plus
505 4179 597 4231 habuit
616 4180 759 4232 voluntatis
785 4193 861 4246 quam
880 4178 924 4229 vel
946 4175 1078 4228 facultatis
1100 4175 1143 4227 vel
1163 4177 1205 4227 in-

114 4280 254 4352 tegritatis.
291 4278 356 4333 Nam
372 4278 539 4333 intellexisse
560 4293 619 4330 eum
643 4276 716 4329 illius
734 4272 944 4356 philosophandi
956 4270 1064 4323 rationis
1084 4273 1205 4326 necessi-
