2910 4698
226 402 256 470 in
277 401 349 464 loco
374 407 530 481 versatur,
562 401 704 482 quoniam
726 417 855 482 corpus,
880 399 973 462 modo
995 415 1066 479 pars
1088 396 1128 460 sit
1153 395 1235 459 nulla
1256 397 1312 476 rei,

224 530 301 592 quae
323 512 518 591 terminatur,
542 512 630 574 buius
653 511 753 573 locum
782 510 922 591 amplexu
944 527 999 572 suo
1031 507 1154 584 definit3
1188 507 1317 570 eodem-

225 620 336 700 modo,
362 621 443 701 quod
466 621 503 684 ab
527 621 586 684 alie
611 639 730 701 cunque
754 638 816 683 non
839 619 1029 696 continetur,
1055 635 1166 699 cerpus
1192 616 1223 677 in
1245 616 1315 679 loco

225 736 362 793 nonest.
408 732 511 811 ltaque
543 732 569 793 si
595 748 703 810 aquam
732 748 802 792 esse
832 729 989 791 materiam
1020 723 1118 809 spatie
1148 726 1316 790 subiectam

223 840 373 920 ponimus,
397 846 524 920 possunt
543 840 631 902 buius
655 839 795 922 singulae
818 839 940 919 quidem
959 843 1061 918 partes
1082 836 1200 900 moveri
1225 836 1318 898 ideo-

224 966 281 1029 que
304 950 335 1009 in
359 949 430 1011 loco
456 967 526 1012 esse
548 950 657 1030 quippe
679 967 714 1012 se
737 949 871 1012 invicem
895 948 1105 1024 continentos;
1125 951 1218 1008 totum
1241 963 1316 1007 vero

222 1074 321 1137 neque
338 1057 368 1117 in
391 1057 462 1119 loco
486 1058 543 1118 erit
565 1075 623 1119 nec
642 1056 812 1119 movebitur
832 1057 890 1118 nisi
912 1056 1042 1137 partium
1062 1056 1182 1118 ratione
1202 1054 1315 1116 habita.

225 1165 316 1228 Cuius
339 1166 464 1246 generis
488 1165 606 1228 coelum
637 1185 662 1227 s.
692 1166 823 1245 sphaera
850 1165 995 1227 universa
1025 1170 1088 1243 est,
1119 1182 1198 1244 quae
1226 1181 1320 1244 quum

225 1274 339 1336 nullum
362 1281 448 1337 extra
470 1293 505 1336 se
527 1274 639 1337 habeat
661 1292 771 1355 corpus
794 1274 936 1355 positum,
962 1275 1086 1338 immola
1110 1273 1141 1334 in
1164 1273 1233 1336 loco
1256 1290 1319 1335 non

225 1391 366 1447 versatur
384 1388 440 1463 1ὃ),
465 1390 612 1464 quatenus
635 1389 734 1446 autem
762 1385 902 1466 singulae
926 1385 990 1447 eius
1022 1390 1122 1464 partes
1150 1384 1182 1444 in
1213 1382 1318 1445 orbem

222 1493 272 1557 vel
296 1494 409 1574 alioqui
431 1494 569 1557 seruntur
592 1513 628 1556 ac
650 1500 752 1557 mutuo
773 1512 843 1557 sese
865 1494 1005 1574 amplexu
1022 1498 1176 1571 coercent,
1199 1492 1231 1554 in
1246 1491 1317 1554 loco

224 1609 321 1666 estet
343 1611 490 1666 movetur.
535 1603 613 1666 Hinc
642 1605 680 1667 ad
709 1622 818 1667 novam
846 1604 985 1688 pergitur
1008 1603 1253 1679 distinctionem,
1279 1620 1318 1664 ex

224 1730 281 1793 qua
303 1714 466 1776 continuae
488 1717 542 1774 τοῦ
564 1714 719 1794 συνεχοῦς
744 1711 798 1775 καί
820 1710 1031 1793 ὁμοιομεροῦς
1060 1718 1162 1792 parles
1191 1711 1223 1772 in
1246 1711 1316 1775 loco

170 1837 172 1840 ’
222 1823 283 1884 sint
304 1818 383 1884 κατα·
407 1819 551 1902 δύναμιν,
574 1841 630 1884 eae
650 1828 760 1900 autem,
779 1834 862 1904 ‘quae
883 1823 1042 1886 seiunctae
1060 1840 1095 1884 se
1115 1827 1243 1903 tangunt
1264 1839 1319 1884 so-

224 1931 400 2010 lummodo,
431 1937 534 2010 partes
563 1931 627 1994 κατ’
660 1932 827 2012 ἐνέργειαν.
883 1932 1019 2006 Quorum
1052 1931 1204 2011 posterius
1237 1930 1318 2011 quod

224 2040 339 2118 attinet,
365 2058 470 2102 rursus
493 2040 552 2103 alia
574 2058 630 2121 per
650 2059 684 2104 se
707 2042 798 2117 (καθ’
815 2039 926 2119 αὑτά),
949 2041 1007 2104 alia
1028 2035 1318 2123 κατὰσυμβεβηκός

225 2151 255 2210 in
279 2148 350 2211 loco
373 2154 459 2227 sunt,
483 2149 626 2229 quoniam
651 2168 706 2230 per
731 2167 766 2212 se
794 2149 844 2212 illa
868 2151 934 2212 sive
963 2149 1034 2212 loco
1057 2155 1218 2212 moventur
1250 2149 1316 2210 sive

223 2262 393 2340 augescunt
431 2259 665 2338 minuunturve,
702 2260 780 2322 haec
820 2259 879 2321 nisi
910 2277 965 2339 per
999 2266 1100 2340 partes
1132 2259 1317 2336 (secundum

223 2367 321 2446 aliud)
350 2386 412 2429 non
442 2374 512 2430 sunt
534 2369 673 2431 mobiles.
727 2369 839 2431 Horum
874 2369 906 2430 in
938 2386 1064 2432 numero
1097 2387 1187 2449 quum
1218 2369 1318 2432 anima

221 2477 354 2539 refertur
376 2483 437 2538 tum
463 2477 592 2556 coelum,
617 2478 716 2558 quod,
742 2478 885 2557 quoniam
909 2477 969 2541 alio
991 2478 1073 2541 nullo
1096 2478 1317 2560 circumcingi-

222 2592 270 2648 tur
294 2604 442 2666 ccrpore,
467 2604 530 2647 non
549 2593 581 2648 ut
609 2592 702 2649 totum
726 2589 973 2666 consideratum,
997 2589 1053 2652 sed
1075 2589 1204 2669 partium
1226 2588 1317 2650 modo

220 2696 340 2757 ratione
369 2695 470 2757 habita
503 2696 533 2755 in
558 2696 628 2758 loco
651 2703 802 2759 versatur.
855 2697 942 2759 Coeli
972 2699 1051 2760 enim
1078 2704 1181 2778 partes
1209 2697 1317 2759 mutuis

222 2820 293 2864 sese
316 2803 441 2865 orbibus
463 2804 570 2865 liniunt
589 2807 629 2883 ¹²⁸)
651 2805 688 2868 ab
711 2806 860 2868 inferiore
883 2807 1040 2888 deinceps,
1062 2810 1150 2888 quam
1173 2807 1316 2871 mortales

222 2911 377 2990 incolant,
409 2930 505 2992 usque
537 2913 575 2976 ad
609 2932 781 2995 supremam
814 2915 879 2978 eius
912 2922 1039 2996 partem.
1092 2917 1198 2979 Totum
1225 2917 1320 2999 igitur.

221 3039 369 3102 nusquam
391 3029 437 3084 est
460 3023 595 3103 coelum,
620 3025 675 3087 serl
704 3025 735 3086 in
755 3031 819 3088 tole
837 3027 982 3090 universa
1003 3031 1054 3103 15).
1097 3028 1203 3107 Neque
1229 3027 1315 3090 locus

222 3150 238 3192 e
259 3137 323 3192 toto
348 3131 435 3192 coelo
455 3139 585 3210 constat,
609 3134 664 3197 sed
688 3154 726 3197 ex
741 3135 907 3198 novissima
925 3142 1038 3198 tantum
1061 3136 1127 3198 eius
1149 3141 1234 3217 parte
1248 3138 1315 3200 sive

221 3240 351 3301 termino
374 3239 538 3318 immobili,
569 3260 629 3321 quo
659 3243 782 3318 mobilia
813 3244 917 3306 mundi
946 3261 1078 3325 corpora
1100 3252 1264 3330 tanguntur
1288 3253 1318 3309 et

222 3347 416 3409 continentur
434 3349 474 3428 ¹⁶)
497 3349 538 3411 ita
562 3357 594 3411 ut
617 3351 657 3413 sit
681 3358 763 3415 terra
786 3353 816 3414 in
839 3371 927 3433 aqua,
947 3353 1023 3417 baec
1048 3355 1079 3416 in
1102 3359 1186 3434 aere,
1207 3359 1261 3418 aer
1283 3357 1316 3418 in

221 3458 361 3535 aethere,
386 3458 435 3519 liic
462 3459 592 3542 denique
622 3461 652 3521 in
676 3460 743 3540 ipso
767 3463 855 3524 coelo
885 3481 946 3526 non
970 3465 1096 3544 amplius
1125 3466 1225 3528 cincto
1258 3484 1317 3530 nec

221 3567 252 3628 in
272 3566 343 3628 loco
363 3575 515 3630 versante.

221 3705 523 3722 -ιυ--υ--η

321 3783 366 3850 13)
387 3780 423 3842 ris
441 3784 495 3853 μὲν
514 3781 570 3853 γὰρ
591 3759 655 3838 ὅλοι)
674 3779 733 3856 ἅμα
754 3778 803 3840 τὸν
821 3787 908 3840 τόπον
930 3786 962 3840 οῦ
982 3787 1155 3857 μεταβάλλει.

321 3877 365 3947 14)
386 3868 419 3929 ui
438 3872 494 3950 γὰρ
513 3877 600 3951 μόρια
620 3880 651 3934 ἐν
673 3879 750 3952 τόπῳ
769 3901 829 3942 πως
848 3884 949 3936 πάντα·
969 3885 1014 3937 ἐπὶ
1028 3887 1063 3954 api
1083 3884 1172 3955 κύκλῳ
1186 3878 1242 3956 yrip
1262 3899 1313 3938 πε-

220 3977 306 4042 ριέχει
324 3973 390 4028 ἄλλο
412 3973 487 4028 cillo.

239 4073 251 4146 J
322 4071 365 4136 15)
386 4073 417 4126 ἐν
436 4073 474 4144 τῷ
493 4071 606 4146 οὐρανῷ
629 4076 732 4130 πάντα·
754 4074 769 4128 ὁ
788 4069 845 4146 γὰρ
866 4065 990 4147 οὐρανὸς
1007 4075 1037 4130 τὸ
1061 4053 1119 4132 noia
1140 4081 1217 4138 ἴσως.

168 4236 172 4244 Ι
320 4167 362 4235 ta)
382 4174 431 4224 rori
451 4169 577 4241 οῦριινοῦ
602 4191 628 4224 ιι
656 4171 685 4226 ιό
710 4174 833 4241 ἔσχατον
860 4176 907 4224 ani
935 4173 1096 4242 ἁπτόμενον
1125 4177 1175 4228 τοῦ
1199 4176 1316 4241 κινητοῦ

221 4261 349 4334 σώματος
370 4271 455 4339 μέρος
474 4268 606 4342 ἠρεμοῦν,
645 4269 685 4320 Ul.
706 4268 739 4319 de
759 4268 835 4320 coelo
855 4267 876 4334 l,
896 4269 921 4333 9,
941 4268 1002 4334 279,
1022 4285 1044 4322 a.
1064 4271 1146 4324 tiss.
