2910 4698
580 283 789 344 ...5-

132 474 170 542 α)
196 463 358 526 continere
378 462 479 524 locum
503 478 568 524 rem
591 477 689 540 neque
712 459 799 522 huius
822 476 891 523 esse
915 465 1049 540 partem3
1070 463 1106 540 β)
1128 460 1230 523 locum

134 569 262 656 primurn
290 590 352 635 non
380 590 449 645 esse
479 571 625 634 maiorem
657 569 844 634 minoremve
872 570 938 650 ipso
967 587 1118 650 corpore,
1144 571 1229 633 cuius

137 683 176 746 sit
197 682 301 757 locus;
323 690 357 761 y)
374 679 496 761 seiungi
517 697 585 742 eum
610 697 627 740 a
646 678 738 740 rebus
759 695 853 759 posse
860 699 869 756 3
892 685 922 740 et
946 679 981 753 d)
996 678 1098 758 superi
1120 679 1231 741 interi-

134 809 193 873 que
215 790 286 867 (τοῦ
310 784 375 852 ἄνω
403 790 459 850 κατ’
477 785 578 864 κάτω)
602 785 783 850 differentiis
806 787 976 868 praeditum
1007 806 1077 851 esse
1104 789 1164 867 ita,
1197 794 1229 850 ut

134 900 313 964 naturaliter
343 899 381 961 ad
416 915 501 962 suum
526 897 668 979 quodque
691 914 804 976 eorpus
825 897 925 960 locum
949 898 1065 961 seratur
1084 897 1132 976 pel
1155 916 1231 961 sur-

134 1029 200 1074 sum
221 1009 270 1071 vel
293 1009 446 1072 deorsum.

231 1119 297 1193 Quo
317 1119 418 1199 posito
441 1117 487 1179 roi
509 1115 725 1195 fundamento,
750 1115 935 1179 Aristoteles
964 1115 1001 1178 ad
1033 1116 1093 1178 loci
1117 1117 1229 1180 defini·

129 1227 243 1290 tioncm
267 1234 352 1290 recte
376 1226 606 1308 proponendam
634 1225 772 1303 accedit,
800 1244 877 1306 qnae
903 1227 944 1287 ita
975 1226 1014 1288 sit
1040 1233 1226 1307 comparata,

130 1343 163 1398 ut
185 1343 215 1398 et
237 1336 444 1399 dubitationes
471 1336 585 1398 eximat
614 1341 645 1398 et
675 1352 753 1415 quae
773 1335 866 1398 modo
890 1336 1031 1397 attributa
1061 1336 1122 1398 sint
1142 1337 1223 1415 loce,

130 1463 241 1524 reapse
263 1445 292 1507 ei
321 1446 423 1507 inesse
453 1446 562 1526 probet
589 1452 619 1508 ct
648 1444 780 1525 denique
811 1463 899 1526 quum
928 1445 1134 1524 difficultatis,
1166 1465 1225 1527 qua

128 1553 249 1616 laborat
270 1553 359 1616 hrains
383 1553 429 1615 rei
453 1553 621 1634 indagatio,
646 1559 706 1615 tum
728 1552 947 1616 dubitationum
971 1572 1080 1616 causas
1103 1555 1224 1635 patefa-

129 1663 199 1726 ciat.
244 1661 291 1724 Ad
316 1681 405 1743 qoam
428 1661 635 1726 definitionem
661 1671 694 1726 nt
723 1664 783 1725 sihi
804 1664 884 1726 viam
907 1664 1115 1743 praemuniat,
1142 1682 1224 1726 ncn-

129 1771 209 1834 nulla
232 1772 271 1833 de
292 1778 385 1848 motu,
409 1789 498 1852 quern
522 1771 584 1834 loci
607 1777 637 1834 et
660 1772 852 1835 existentiam
869 1779 898 1834 et
921 1773 1141 1854 cogitationem
1165 1792 1223 1837 an-

128 1882 295 1946 tecessisse
318 1883 360 1944 ait
376 1887 422 1960 t),
447 1883 582 1944 disserit.
634 1881 771 1962 Namque
797 1882 827 1942 in
852 1883 927 1945 duas
952 1902 1020 1946 eum
1050 1890 1152 1964 partes
1174 1884 1225 1947 di-

128 1993 267 2071 stribuit,
291 1998 324 2054 ut
345 1993 384 2054 sit
410 1998 461 2054 aut
483 1994 587 2074 φορά,
617 2009 676 2072 qua
700 2010 833 2071 corpus,
868 1999 980 2055 mutato
1010 1993 1102 2072 loco,
1132 1995 1222 2058 alium

128 2107 264 2182 appetat,
290 2106 341 2162 aut
365 2092 497 2179 αόξῳπς
521 2096 574 2160 κατ’
596 2101 708 2181 φθίσις
736 2101 755 2160 i.
778 2118 806 2163 c.
832 2121 870 2164 ex
900 2107 986 2181 parte
1015 2107 1128 2165 tantum
1162 2103 1223 2166 loci
1292 2125 1295 2130 ’

130 2210 325 2273 commutatio
349 2209 416 2271 sive
438 2209 536 2271 maior
555 2209 586 2272 tit
606 2227 657 2271 res
679 2210 744 2273 sive
763 2209 873 2272 minor.
920 2210 1125 2292 Quaecunque
1147 2232 1221 2277 vcro

127 2327 287 2384 moventur
312 2326 363 2382 aut
392 2322 467 2381 καθ’
488 2316 566 2383 atad
591 2319 729 2406 ἐνεργείᾳ
753 2327 803 2382 aut
825 2317 903 2382 κατὰ
931 2319 1130 2404 συμβεβηκός
1152 2342 1232 2385 m0-·

128 2435 253 2506 ventur,
277 2445 403 2508 quorum
427 2428 477 2490 hic
499 2447 618 2492 rursum
642 2434 741 2490 motus
766 2434 815 2490 aut
841 2429 912 2490 καθ’
936 2426 1023 2489 αὑτό
1041 2435 1101 2508 est,
1127 2431 1167 2494 ita
1190 2439 1222 2494 ut

128 2537 248 2618 possint
269 2544 351 2600 certe
374 2556 428 2616 ea,
453 2555 530 2618 quac
552 2543 750 2616 moveantur,
774 2556 830 2618 per
853 2556 888 2601 se
910 2539 1045 2618 moveri,
1067 2546 1117 2601 aut
1139 2537 1219 2602 κατὰ

125 2644 322 2728 συμβεβηκός
332 2694 348 2725 ,,
362 2654 394 2709 nt
414 2665 475 2709 non
498 2647 627 2728 possint.
671 2647 763 2710 Hisce
786 2647 930 2725 insertis,
956 2647 1016 2709 iam
1045 2647 1125 2710 redit
1144 2649 1221 2711 Ari-

125 2756 267 2835 stoteles,
292 2758 373 2820 unde
397 2757 548 2822 discussit.
600 2759 676 2833 Quia
702 2759 781 2820 enim
813 2759 954 2839 proprius
982 2756 1069 2820 locus
1098 2778 1132 2822 re
1161 2778 1219 2822 nec

126 2865 223 2926 maior
246 2865 348 2925 existit
372 2883 429 2926 nec
454 2866 568 2944 minor,
597 2866 651 2929 scd
675 2867 798 2929 omnino
822 2867 851 2928 ei
874 2866 1010 2947 aequalis
1034 2857 1116 2941 (ἶσος
1142 2858 1217 2928 ἑκό-

127 2991 201 3030 στου
225 2967 240 3028 ό
264 2966 354 3040 τόπος
378 2970 433 3028 κατ’
453 2973 618 3051 ἕκαστον),
649 2975 862 3052 consequitur,
895 2975 993 3034 locum
1018 2992 1085 3033 esse
1115 2982 1219 3035 extre·

123 3097 203 3140 mom
223 3077 400 3140 continentia
424 3079 579 3158 corporis,
602 3081 762 3160 quoniam,
787 3081 814 3142 si
842 3098 899 3160 qua
925 3098 975 3142 res
1004 3083 1034 3142 in
1055 3086 1127 3145 aere
1159 3090 1216 3164 est,
1287 3165 1288 3172 ρ

123 3189 170 3252 sic
193 3189 222 3249 in
245 3188 305 3250 hoo
326 3194 468 3269 tanquam
492 3187 522 3250 in
544 3189 615 3253 loco
639 3208 695 3254 suo
719 3197 871 3264 versatur,
891 3190 994 3253 ultima
1016 3196 1048 3253 ut
1070 3210 1136 3254 eam
1160 3197 1217 3256 ad-

122 3300 259 3379 rispens
290 3301 410 3364 ambeat
438 3302 730 3382 circumscribatque
759 3298 806 3376 (τό
830 3298 962 3382 ἔσχατον
990 3299 1043 3363 κοτ’
1070 3305 1215 3384 περιέχον

123 3407 156 3471 ἐν
175 3411 219 3493 τρῖ
240 3409 335 3489 ἀέρι).
388 3412 426 3474 Et
453 3418 553 3476 tamen
582 3413 669 3475 locus
699 3409 779 3474 nulia
811 3418 858 3474 cst
883 3412 1026 3474 continua
1053 3429 1124 3490 pars
1157 3413 1213 3489 rei,

122 3535 210 3598 qnam
234 3519 379 3598 continet,
403 3521 458 3583 sed
481 3522 636 3584 seiunctus
659 3521 697 3583 ab
719 3522 776 3583 hac
800 3527 990 3601 tangensque
1014 3539 1079 3582 eam
1101 3521 1215 3583 arctis-

122 3627 199 3690 sime
214 3629 261 3706 8),
285 3628 325 3691 ita
348 3634 380 3690 nt
402 3629 441 3691 sit
469 3630 604 3710 aequalis
626 3628 786 3692 intervallo
810 3629 847 3691 ab
872 3629 938 3708 ipso
963 3628 1212 3711 circumscripto:

119 3795 401 3809 -ι--α--ι-α-

220 3909 247 3977 i)
266 3907 343 3974 Phys.
363 3906 408 3971 lv,
429 3904 462 3957 t:
490 3906 610 3973 πρώτως
634 3906 690 3978 μὲν
705 3899 758 3974 Ιοὖν
779 3905 823 3958 δεῖ
839 3907 1026 3971 κατανοῆσαι,
1047 3902 1156 3959 ὅτιούκ
1177 3902 1213 3959 όν

123 4007 239 4069 ἐζητεῖτο
259 4003 273 4057 ό
294 4003 388 4067 τόπος,
408 4005 433 4053 rt
450 3996 488 4074 prr}
510 4006 621 4068 κίνησίς
639 4021 678 4062 τις
698 3997 730 4067 ἦν
752 4001 766 4068 ἦ
786 3994 855 4055 κατὰ
876 4002 972 4055 τόπον·
994 3998 1041 4055 dud
1060 3997 1115 4072 γὰρ
1134 4005 1212 4052 τοῦτο

123 4099 232 4154 καὶτὸν
252 4093 376 4170 οιῗρονόν
394 4097 518 4172 μάλιστα
537 4100 658 4169 οἰόμεθα
679 4101 709 4153 ἐν
728 4095 813 4168 τόπῳ,
833 4095 875 4151 ότι
894 4101 949 4152 αἰεὶ
968 4101 998 4154 ἐν
1011 4097 1126 4161 condoce.

228 4211 260 4280 8)
281 4212 449 4285 διῃρημένον
469 4216 516 4264 καὶ
536 4208 698 4283 ότττόμενον
711 4225 751 4266 ‘-..-.
771 4211 800 4266 dv
812 4211 913 4282 πρώτῳ
932 4213 988 4264 τινὶ
1007 4205 1039 4262 ὃν
1051 4207 1088 4276 τῷ
1101 4205 1213 4277 ἐσχάτῳ

120 4305 170 4363 τοῦ
188 4311 376 4377 περιέχοντος.
