2910 4698
586 297 794 357 ...63-

148 489 213 536 sum
235 472 425 553 pertineant,
448 472 596 554 exquirat.
641 473 769 536 Ubinam
798 479 898 536 autem
920 472 1091 535 istiusmodi
1121 475 1244 558 deteget

150 583 305 664 vestigia?
349 581 526 664 Ubicunque
546 582 755 664 phaenomena
776 589 963 663 apparents.
981 584 1142 650 existentia
1164 587 1242 650 entis

151 691 289 755 alicuius.
343 691 495 766 Quocirca
527 698 557 756 et
589 694 777 756 conscientia
810 700 856 756 est
889 699 919 756 et
948 693 1156 775 experientia,
1188 714 1245 777 per

151 820 226 882 quas
254 802 390 880 animus,
416 803 536 883 quotics
565 803 776 884 phaenomena
808 801 974 867 offendita
1005 805 1068 867 suis
1097 805 1171 868 nihil
1193 806 1244 868 di-

146 931 259 990 versa,
291 911 469 992 temporalis
498 911 666 992 localisque
689 913 780 975 aninri
813 911 926 975 indicia
951 915 1133 995 cognoscit;
1163 931 1243 997 quo-

83 1006 87 1012 ’
147 1024 206 1084 ties
223 1040 298 1084 vero
321 1021 475 1084 diversam
498 1040 515 1083 a
540 1039 594 1084 sua
612 1022 804 1084 existentiam
826 1023 964 1104 percipit,
987 1022 1075 1087 huius
1099 1026 1244 1107 temporis

147 1151 184 1196 ac
207 1131 297 1213 spatii
318 1149 465 1213 quaenam
487 1131 527 1194 stt
548 1132 645 1210 ratio,
669 1132 810 1212 anquirit.

654 1382 683 1450 §.
706 1374 744 1436 8.,

232 1517 341 1599 Quale
359 1521 406 1586 sit
427 1523 566 1586 naturae
591 1523 718 1600 tempos
738 1522 772 1582 et
791 1520 935 1599 spartam
956 1523 1143 1601 exponitur·
1202 1472 1206 1480 Ι

249 1679 282 1754 1)
305 1675 483 1755 Quicunque
504 1676 535 1735 tn
565 1691 649 1736 suam
671 1679 810 1753 penetrat
831 1675 1065 1754 conscientiam,
1098 1694 1159 1739 non
1187 1694 1243 1740 so-

150 1786 209 1848 tum
230 1787 287 1847 rosi
306 1803 365 1867 ego
389 1785 488 1847 ideam
513 1782 729 1863 deprehendit,
752 1783 806 1845 sed
832 1784 995 1865 cognoscit
1015 1791 1173 1865 practerea
1196 1786 1242 1849 al-

149 1901 243 1958 teram
270 1895 403 1976 speciem
429 1892 668 1974 cogitationum,
691 1909 766 1972 quas
788 1893 825 1955 ad
849 1911 883 1956 sa
912 1899 945 1954 ut
974 1911 1097 1958 causam
1126 1897 1245 1960 reterre

150 2005 264 2084 nequit,
288 2003 351 2066 sed¹
367 2002 404 2066 ad
429 2008 584 2065 externam
608 2002 759 2064 reducere
782 2002 1013 2082 impressionem
1038 2010 1163 2068 coactus
1187 2014 1243 2069 est.

149 2114 234 2188 Quae
255 2129 345 2192 quum
371 2111 417 2174 sic
442 2111 531 2189 dant,
553 2117 585 2171 ut
611 2129 662 2172 res
694 2111 793 2189 aliqua
823 2117 950 2174 externa
980 2114 1083 2174 sensui
1114 2114 1243 2177 subiecti

147 2223 351 2304 imprimatur,
374 2220 435 2283 hoc
457 2227 556 2283 autem
588 2220 745 2299 impulsum
768 2218 921 2297 percipiat
952 2224 1042 2301 atquc
1070 2223 1101 2283 in
1130 2241 1246 2301 apper-

151 2333 296 2412 ceptione,
318 2350 405 2412 quarn
424 2337 537 2394 vocant
559 2335 677 2412 rcagat,
700 2329 891 2392 manifestum
912 2336 976 2408 est,
1001 2330 1120 2410 duplice
1140 2331 1246 2395 subie-

151 2449 230 2505 ctum
254 2459 379 2503 munero
401 2440 487 2521 surrgi
514 2439 732 2518 receptivitatis
754 2445 785 2500 et
806 2439 1016 2502 reactivitatis.
1059 2439 1173 2521 Estque
1198 2441 1245 2503 his

148 2552 220 2615 illud
246 2571 314 2613 cum
336 2549 429 2611 animi
456 2548 676 2628 phoenomenis
700 2566 877 2623 commune,
902 2548 983 2629 quod
1005 2549 1146 2628 deinceps
1171 2551 1245 2612 fiunt

150 2667 180 2726 et
201 2661 292 2722 simut
312 2660 458 2737 iactaque
470 2676 504 2719 sc
516 2657 645 2720 invicem
656 2658 774 2737 positae
786 2664 875 2734 sunt3
899 2658 1137 2738 diversumhoc,
1163 2658 1244 2739 quod

218 2773 251 2850 1)
271 2789 330 2832 nec
353 2769 464 2832 retatio
487 2767 593 2856 eadem
618 2774 681 2846 est,
704 2767 848 2848 quoniam
871 2767 1037 2831 subiectum
1060 2787 1151 2832 sensa
1173 2787 1245 2850 par·

150 2875 201 2937 tim
225 2878 263 2938 ad
295 2878 414 2940 obiecta
446 2879 636 2940 extrinsecus
667 2877 767 2939 oblata
795 2879 903 2957 partim
932 2878 971 2940 ad
1004 2896 1146 2942 sensuum
1175 2885 1244 2941 tan-

147 3001 234 3065 quam
261 2985 488 3062 repressionem
510 2983 644 3057 reiarat;

210 3095 245 3170 Q)
272 3109 372 3170 neque
396 3091 514 3152 reactio
548 3090 645 3151 libera
675 3095 704 3150 et
733 3089 765 3149 in
791 3088 922 3152 subiecti
951 3096 1102 3170 potestate
1132 3093 1243 3172 posita,

149 3202 238 3284 quia,
261 3207 294 3262 ut
322 3199 485 3279 impulsus,
517 3198 557 3260 tta
578 3197 717 3278 repulsus
746 3216 867 3279 semper
887 3206 1079 3281 comparatus
1103 3207 1171 3281 est,
1193 3201 1243 3283 qui

146 3310 323 3374 accessorio
346 3308 427 3371 illum
449 3307 593 3388 sequitur.

247 3421 284 3483 Et
317 3425 418 3482 tamen
453 3417 611 3480 sensuales
648 3417 778 3479 subiecti
813 3417 1028 3496 perceptiones
1060 3435 1149 3497 mum
1182 3419 1243 3480 sint

149 3528 405 3613 cogitationes-h.
428 3547 454 3590 e.
485 3525 650 3589 referendo
682 3525 830 3603 euectae,
860 3525 1080 3588 conscientiam
1112 3544 1242 3590 necesse

149 3647 195 3704 est
226 3639 358 3719 aliquam
389 3637 584 3699 constituant.
635 3634 848 3713 Perquiramus
880 3633 991 3715 igitur,
1020 3652 1168 3715 quaenam
1204 3637 1243 3699 sit

148 3749 268 3812 indoles
291 3749 379 3810 huius
403 3745 621 3810 conscientiae.
674 3744 749 3807 Nam
778 3742 943 3804 subiectum
968 3761 1057 3824 quum
1091 3746 1129 3808 ad
1158 3753 1242 3809 extra

147 3859 243 3921 refert
265 3875 409 3920 sensuum
432 3855 635 3931 affectionem,
658 3853 717 3916 sibi
737 3860 948 3933 repraesentat
964 3854 1156 3936 intuetnrque
1178 3875 1241 3918 rem

148 3968 289 4030 sensibus
313 3964 444 4027 oblatam
468 3963 498 4024 h.
520 3982 547 4024 e.
579 3961 745 4033 obiectum
770 3965 800 4022 at
823 3978 1000 4043 quamquam
1022 3965 1163 4026 reterens
1184 3980 1241 4024 co-

148 4077 235 4156 gitat,
259 4079 355 4138 semet
376 4073 472 4152 ipsum
495 4078 594 4133 tamen
617 4089 679 4132 non
703 4072 827 4152 cogitat,
851 4073 905 4134 sed
930 4072 1009 4135 aliud
1034 4071 1103 4151 quid
1124 4077 1193 4132 ante
1211 4077 1241 4133 ct

152 4190 237 4246 extra
263 4203 298 4245 se
318 4184 461 4263 positum,
485 4199 597 4243 meram
622 4181 763 4242 nimirum
785 4181 830 4242 rei
852 4181 1013 4242 visionem.
1065 4179 1240 4242 Cuiusmodi
1317 4227 1320 4234 .

145 4292 213 4355 visa
234 4296 348 4354 tantum
372 4292 501 4372 absunt,
524 4295 557 4354 ut
579 4288 673 4358 semel
694 4294 857 4370 percepta,
882 4293 1023 4354 cessante
1045 4287 1237 4371 impulsione,
