2910 4698
678 299 886 362 -68-

247 472 336 552 ἀ)
360 473 499 556 Denique
522 475 602 555 quod
633 475 671 537 ad
701 475 945 554 distributionem
969 474 1058 540 huius
1081 473 1171 555 spatii
1197 480 1226 535 et
1255 477 1335 535 tem·-

204 579 321 662 poris
335 585 461 664 attinet,
487 585 526 647 de
547 585 767 664 potentialitute
788 591 914 650 eatenus
936 591 1049 647 tantum
1073 583 1227 646 disserere
1250 582 1335 660 licet,

230 684 340 773 'quoad
363 694 517 758 revelatae
539 695 727 758 substantiae
745 694 964 758 indefinitionis
986 693 1202 776 praeponenda
1222 691 1337 754 condi-

238 802 281 864 tio
304 809 361 881 est,
388 804 506 868 etiamsi
529 822 591 868 uon
614 805 779 884 babemus,
805 805 886 886 quod
905 823 973 868 eam
997 809 1067 867 ante
1090 809 1217 865 naturae
1239 802 1333 864 vitam
1445 831 1446 848 .

237 929 293 992 per
316 913 438 993 aliquod
461 920 578 996 tempus
603 916 758 980 exstitisse
781 915 952 978 credamus.
985 913 1078 976 ltlulto
1100 913 1198 992 aptius
1221 910 1253 972 in
1275 927 1337 972 na-

238 1027 337 1084 turam
356 1022 449 1090 oadit
471 1023 626 1086 distinctio
661 1024 736 1103 puri
763 1024 909 1106 temporis
941 1030 971 1085 et
1003 1023 1091 1104 spatii
1121 1023 1164 1098 (si
1194 1021 1336 1082 nimirum

226 1129 376 1210 ¹duplices
406 1131 515 1196 ordine
545 1133 687 1220 iuxtaque
710 1153 744 1197 se
774 1134 905 1197 invicem
937 1140 1065 1214 agentes
1095 1137 1222 1193 naturae
1252 1130 1336 1192 vires

237 1257 292 1318 per
311 1259 346 1303 se
376 1242 609 1324 contemplaris)
637 1250 667 1305 et
694 1243 831 1322 empirici
862 1249 1026 1324 (maternus
1056 1240 1194 1324 singulas
1225 1225 1337 1302 virium

238 1351 410 1415 obieetivae
433 1353 682 1435 subiectivaeque
706 1359 833 1416 naturae
861 1353 1123 1417 manifestationes
1153 1351 1338 1432 respicimus

237 1459 402 1542 carumque
427 1462 516 1542 spatii
542 1469 574 1528 et
595 1463 740 1545 temporis
761 1462 911 1527 rationem
936 1461 1100 1543 ducimus).

741 1709 770 1778 §-
795 1700 825 1763 9.

284 1849 336 1918 De
365 1860 505 1918 naturae
532 1857 694 1939 anianique
724 1855 919 1918 diuermtute
949 1856 1037 1917 etin
1067 1851 1192 1916 bomine
1215 1866 1293 1912 con-

696 1961 879 2028 ciltatione.

340 2103 500 2184 Postquam
525 2109 556 2166 et
579 2103 670 2165 animi
693 2109 724 2166 et
746 2108 873 2166 naturae
898 2101 1032 2163 indolem
1062 2101 1216 2180 vitamque
1242 2114 1341 2179 expo-

240 2213 373 2291 suimus,
396 2219 553 2306 superest,
575 2219 608 2274 ut
635 2213 765 2293 primum
797 2210 868 2292 quid
905 2211 985 2272 inter
1013 2215 1173 2289 utrumque
1205 2206 1338 2286 differat,

240 2320 351 2385 deinde
379 2338 449 2384 num
479 2327 510 2384 et
533 2338 663 2401 quonam
692 2326 780 2401 paeto
806 2319 960 2382 conciliati
992 2319 1053 2381 sint
1083 2317 1337 2406 pervestigemus.
1410 2401 1412 2406 Ι

238 2431 371 2504 Quarum
403 2429 614 2509 quaestionum
643 2431 776 2510 priorem
812 2429 860 2492 sic
893 2427 1109 2509 expediemus,
1144 2431 1176 2488 ut
1207 2425 1335 2490 brevem

236 2538 395 2617 utriusque
419 2538 679 2617 comparationem
701 2538 903 2601 instituamus.
947 2535 1103 2616 Namque:

279 2661 407 2724 Animus
420 2680 510 2744 quum
525 2663 617 2725 vitam
633 2663 764 2744 explicat
853 2660 976 2724 Natura
999 2676 1088 2741 quum
1104 2659 1135 2720 in
1157 2659 1340 2722 existentiae

239 2787 335 2846 suam,
356 2771 387 2830 in
408 2769 690 2850 phaenomenorum
705 2771 765 2834 du·
813 2769 991 2834 conditione
1015 2770 1154 2850 ponitur,
1177 2769 1266 2830 unius
1288 2773 1340 2832 at-
1447 2763 1448 2788 ¹

238 2877 372 2958 plicitate
400 2895 462 2940 non
491 2877 592 2958 perdit
618 2879 762 2942 unitatem
811 2897 870 2960 que
893 2876 1018 2940 indivisi
1047 2875 1190 2957 principii
1224 2882 1338 2941 tantam

237 2985 332 3048 realis
355 2986 509 3068 principii,
532 2987 587 3050 sed
609 2975 694 3050 banc
711 2988 761 3049 in·
810 2987 888 3067 fucit
901 2986 1061 3064 iacturum,
1086 2992 1119 3048 ut
1139 2985 1198 3048 nisi
1219 2985 1249 3046 in
1263 2985 1342 3048 sub-

237 3100 355 3176 tegram
377 3100 484 3158 serout
503 3095 677 3175 retinetque.
810 3094 944 3159 stantiali
959 3093 1241 3176 phaenomenorum
1258 3093 1341 3155 anti-

810 3204 888 3268 thesi
902 3203 974 3265 illud
990 3221 1052 3267 non
1069 3203 1195 3284 amplius
1218 3203 1339 3266 existat.

237 3307 343 3388 ltaque
355 3327 405 3369 sur
420 3309 517 3387 ipsius
533 3314 675 3390 tanquam
689 3329 763 3372 roa·
810 3315 894 3377 llaec
918 3319 965 3376 est
990 3331 1093 3391 causa,
1118 3331 1172 3374 eur
1195 3318 1342 3373 cateruae

237 3417 275 3478 lis
307 3423 337 3480 et
361 3418 492 3483 causalis
521 3418 664 3500 principii
688 3436 763 3478 cott-
810 3428 924 3485 tantum
945 3420 1197 3501 manifestationis
1219 3419 1340 3482 sauci

236 3524 396 3587 scientium
426 3533 497 3607 (per
525 3527 686 3589 mediatum
708 3545 763 3589 co-
810 3551 837 3594 e.
866 3530 1143 3610 phaenomenorum
1173 3536 1245 3610 (per
1276 3529 1338 3589 im-

236 3634 412 3714 qnitiouem)
444 3636 636 3714 assequitur,
668 3637 762 3699 ita-ut
809 3638 971 3701 rnediotam
999 3638 1202 3716 intuitionem,
1225 3637 1341 3720 imagi-

238 3742 385 3822 cogitatio
406 3742 471 3804 eius
493 3743 524 3805 in
540 3745 684 3808 eruendis
703 3763 763 3825 po·
810 3748 975 3826 nationem,
990 3747 1194 3829 Einbildung)
1214 3747 1342 3810 consero

239 3847 410 3928 nendisque
432 3849 507 3912 ideis
531 3860 561 3915 et
583 3853 686 3916 causis
707 3872 762 3915 re·
809 3855 861 3918 liat
890 3874 1004 3936 curque
1032 3857 1180 3938 cogitatio
1211 3863 1342 3920 naturae

237 3974 306 4017 rum
328 3963 472 4021 vertatur.
810 3965 842 4026 in
864 3965 1034 4028 formandis
1055 3962 1249 4043 conceptibus
1264 3963 1294 4024 b.
1310 3981 1341 4026 e.

237 4065 366 4129 Animus
382 4067 506 4150 cogitat,
529 4068 709 4149 simulatque
722 4069 759 4132 ad
809 4073 841 4134 in
862 4071 1068 4136 abstrahendo
1090 4079 1242 4136 versetur.
1274 4069 1344 4134 Na·-

235 4175 327 4238 vitam
351 4177 500 4240 excitatur
525 4177 760 4254 (simultaneitas
812 4186 878 4243 tura
902 4180 1041 4262 cogitare
1063 4182 1168 4262 nequit
1181 4181 1241 4244 nisi
1253 4178 1341 4262 prius

238 4281 442 4367 identitasque
451 4286 648 4372 cogitationis
657 4288 763 4352 etexi-
811 4307 869 4376 per
899 4287 1007 4354 multas
1039 4290 1203 4374 variasque
1226 4287 1342 4354 evolu-
