2910 4698
684 296 895 354 „12-

241 507 339 566 nunc;
364 489 477 570 alioqui
500 488 573 550 nihii
597 488 677 552 soret
698 491 777 552 inter
796 490 879 570 prius
901 489 1114 569 posteriusque
1137 487 1338 566 discriminis,

242 599 296 662 scd
321 604 424 660 essent
447 597 535 660 simul
558 599 669 661 omnia.

339 708 463 770 'fantum
488 706 526 769 de
549 707 647 770 dubiis
670 709 701 768 in
720 708 816 787 prima
840 708 1022 787 quaestione
1047 709 1093 782 (εἰ
1114 701 1177 770 ἔστι
1202 708 1336 786 χρόνος)

241 817 458 894 exorientibus,
483 833 562 878 nunc
585 818 623 879 dc
644 817 789 897 temporis
812 823 918 878 natura
943 817 1000 902 (τῷ
1014 817 1136 891 rison)
1160 815 1335 877 dicendum.

239 927 313 990 Sunt
338 925 418 987 enim
440 925 510 1003 aiii,
534 927 585 1005 qui
605 926 677 988 iliud
701 946 740 989 ex
762 927 897 988 universi
923 932 1022 1003 motu,
1047 923 1099 986 aiii
1124 925 1174 1005 qui
1207 943 1246 985 ex
1269 925 1338 1004 ipsa

240 1040 382 1098 constare
406 1035 537 1115 sphaera
566 1036 710 1097 universa
741 1035 946 1112 contendunt,
971 1051 1098 1114 quorum
1122 1034 1220 1096 neutri
1238 1038 1338 1095 recte

238 1145 381 1206 sentiunt.
438 1142 481 1204 liii
517 1144 597 1205 enim
624 1145 682 1205 iam
713 1161 750 1204 eo
781 1143 981 1221 refelluntur,
1007 1143 1103 1223 quod,
1138 1159 1214 1222 quac
1241 1141 1334 1219 vaiet,

238 1252 382 1332 temporis
406 1253 490 1313 notio
514 1272 552 1314 ex
574 1260 659 1333 parte
687 1257 806 1315 constat
836 1254 887 1333 τῆς
917 1251 1112 1336 περιφορᾶς,
1136 1269 1235 1331 neque
1257 1269 1334 1313 vero

238 1382 255 1423 e
288 1366 350 1422 tota
382 1361 527 1423 duntaxat
558 1362 660 1424 mundi
696 1362 921 1436 conversion03
950 1366 1111 1440 praeterea
1143 1378 1270 1422 numero
1305 1360 1333 1422 si

237 1470 339 1550 plures
358 1476 460 1533 essent
483 1471 581 1548 coeii,
612 1471 697 1552 plura
730 1472 832 1551 inepte
865 1476 1001 1550 tempora
1032 1470 1143 1532 forent.
1198 1468 1333 1531 Alteram

238 1581 288 1660 qui
312 1587 432 1643 tuentur
454 1581 635 1644 sententiam
660 1587 835 1660 putantque,
859 1597 947 1659 quum
970 1585 999 1641 et
1022 1580 1053 1641 in
1076 1578 1163 1642 coelo
1187 1579 1288 1640 omnia
1302 1583 1331 1640 et
1365 1609 1370 1618 ·
1418 1657 1425 1672 ἱ

237 1690 267 1750 in
297 1695 433 1769 ternpore
461 1696 643 1766 versentur,
677 1688 758 1749 idem
791 1695 950 1768 utrumque
982 1707 1071 1765 esse,
1097 1705 1152 1750 eos
1175 1687 1330 1768 Stagirita,

237 1815 313 1880 quos
335 1800 464 1876 refutet,
488 1798 633 1880 indignos
656 1797 817 1859 existimat.

335 1905 414 1978 Quid
446 1906 538 1988 igitur
568 1913 614 1969 est
642 1908 784 1986 tempus?
827 1907 873 1967 Ex
902 1907 968 1986 ipso
1003 1911 1085 1967 motu
1115 1905 1233 1967 idcirco
1267 1922 1328 1968 non

235 2021 365 2093 constat,
390 2015 471 2094 quod
494 2014 545 2077 hio
568 2016 599 2077 in
621 2015 769 2092 subiecta,
794 2033 871 2095 quae
898 2021 1046 2092 movetur,
1070 2016 1195 2077 materia
1218 2034 1329 2077 versa-

235 2129 292 2201 tur,
315 2130 432 2204 tempus
455 2131 555 2187 autem
578 2124 690 2204 ubique
710 2131 739 2187 et
765 2125 797 2185 in
817 2124 973 2198 omnibus3
1004 2141 1097 2203 porro
1120 2129 1217 2185 motus
1244 2124 1330 2204 quis-

235 2251 293 2313 que
314 2233 362 2296 vei
384 2233 474 2296 citior
496 2241 541 2297 est
562 2235 610 2297 vel
631 2234 759 2312 tardior,
781 2241 897 2314 tempus
921 2233 1029 2313 quippe
1052 2233 1200 2296 definiens
1224 2239 1253 2294 ct
1273 2252 1329 2295 ce-

233 2342 383 2405 lcritatem
407 2350 436 2406 et
459 2343 631 2406 tarditatem
654 2343 782 2405 eundem
808 2360 928 2423 semper
952 2359 1074 2402 cursum
1099 2346 1190 2403 tenet.
1238 2341 1328 2421 Atqui

233 2451 302 2513 iicet
323 2459 438 2530 ternpus
461 2471 521 2512 oon
542 2453 668 2530 ipsomet
689 2458 786 2512 motus
808 2450 856 2527 so,
878 2450 944 2511 sinc
967 2449 1024 2526 laos
1047 2455 1146 2510 tomen
1172 2448 1211 2510 ob
1235 2466 1327 2528 eoque

232 2562 361 2623 seorsim
383 2561 510 2643 cogitari
535 2561 616 2623 netto
638 2568 730 2640 poeto
749 2567 857 2639 potest.
896 2561 971 2622 Nam
992 2559 1154 2639 utprimum
1176 2559 1225 2621 vei
1248 2577 1327 2621 con-

232 2670 344 2734 tinuam
367 2673 532 2735 retinemus
557 2672 587 2732 in
618 2678 719 2733 mente
743 2677 841 2731 motus
869 2668 1120 2750 progressionem
1145 2668 1193 2731 vel
1229 2668 1326 2732 series

232 2780 452 2860 cogitationum
485 2788 657 2843 nostrarum
689 2797 797 2841 somno
829 2779 1075 2858 interrumpitur,
1101 2778 1190 2840 simul
1213 2785 1325 2859 tempus

232 2889 391 2971 percipere
418 2891 597 2968 desinimus,
621 2890 765 2971 quoniam
785 2885 818 2951 ad
841 2890 895 2951 νῦν
916 2888 1086 2969 proximum
1107 2890 1248 2951 sensibus
1267 2906 1324 2951 uo-

230 3001 301 3062 stris
323 3002 487 3065 adnectere
511 3002 720 3083 adpraesens
743 3007 928 3062 momentum
951 2999 1178 3077 consuevimus,
1204 2999 1323 3080 dempto

231 3129 269 3171 ex
294 3112 483 3194 cogitatione
508 3113 620 3174 medio.
664 3111 790 3190 Propter
812 3110 891 3172 hanc
914 3109 1059 3189 temporis
1081 3127 1149 3171 cum
1167 3116 1248 3171 motu
1269 3127 1325 3171 co-

230 3220 406 3299 gnationem
429 3220 503 3282 iliud
526 3221 597 3282 huic
624 3219 800 3280 adiunctum
823 3218 871 3280 vel
894 3217 1015 3279 aiiectio
1039 3218 1104 3280 eius
1128 3218 1227 3299 aliqua
1245 3219 1325 3280 dioi-

228 3333 277 3389 tur
290 3333 343 3406 ²⁰).
388 3327 450 3390 iam
479 3345 553 3389 vero
586 3333 685 3388 motus
715 3327 813 3387 omnis
837 3344 927 3406 quum
955 3325 987 3386 in
1019 3326 1162 3390 continua
1185 3333 1325 3392 versetur

229 3437 453 3518 magnitudine,
477 3444 507 3498 et
533 3437 600 3516 ipse
623 3436 784 3498 continuus
809 3441 928 3512 estet,
952 3441 986 3495 ut
1018 3441 1133 3515 tempos
1157 3436 1197 3496 sit
1228 3437 1324 3497 conti-

229 3564 337 3621 nuum,
359 3545 458 3625 efficit.
503 3547 661 3624 Quumque
690 3544 771 3606 nulia
795 3545 834 3606 sit
858 3545 1034 3628 magnitudo
1065 3546 1240 3624 individua,
1269 3548 1323 3609 sed

228 3655 258 3714 iu
280 3655 382 3716 varias
407 3654 448 3715 ita
469 3653 567 3715 divisa
590 3659 702 3734 partes,
724 3660 756 3714 ut
779 3653 818 3715 sit
840 3653 953 3733 aliquid
974 3656 1067 3734 prius,
1091 3655 1243 3734 posterius
1267 3655 1324 3717 ali-

229 3763 320 3844 quid,
355 3762 522 3843 aequaliter
556 3762 693 3826 inmota
724 3768 844 3825 exstant
871 3769 972 3842 partes
1007 3764 1052 3825 sic
1081 3763 1267 3844 dispositae,
1292 3772 1324 3828 ut

225 3872 310 3954 prior
331 3871 390 3934 alia
411 3873 461 3950 sit,
485 3872 544 3936 alia
564 3873 727 3953 posterior.
772 3872 861 3946 Quod
894 3879 993 3936 autem
1026 3873 1213 3953 inmotum,
1243 3874 1321 3938 idem

225 3984 255 4044 in
280 3989 396 4062 tempus
419 3982 510 4046 cadit.
555 3983 720 4064 Utrumque
750 3983 831 4045 enim
854 4001 944 4063 quum
969 3984 1142 4047 extensioni
1165 4001 1199 4046 se
1223 3985 1321 4065 appii-

227 4097 285 4170 cet,
310 4090 436 4156 alterum
459 4093 604 4173 deinceps
626 4093 663 4156 ab
688 4092 784 4154 altero
807 4092 921 4171 excipit
942 4089 976 4154 τό
1002 4092 1084 4172 prius
1104 4099 1134 4154 et
1155 4094 1319 4174 posterius,

231 4247 524 4264 mvn-...-

323 4319 371 4388 20)
393 4318 531 4388 κινήσεώς
549 4336 583 4371 rr.
622 4315 662 4368 Of.
684 4315 751 4380 vlu,
776 4318 805 4368 1:
828 4317 842 4371 d
863 4314 969 4386 χρόνος
987 4316 1081 4378 aridos
1099 4334 1124 4371 ra
1140 4315 1284 4386 κινήσεως.
