2910 4698
134 461 244 546 quippe
267 471 395 528 naturae
416 467 565 548 principia
589 467 757 550 indagans,
781 469 821 531 ita
849 475 966 550 tempus
986 469 1226 549 comprehendit,

134 581 168 635 ut
191 577 338 639 sementi
367 576 510 655 praeliet3
535 577 618 638 unde
642 577 754 640 lactum
778 584 843 655 est,
865 584 898 639 ut
918 597 974 659 pro
1004 581 1069 659 ipso
1092 585 1229 659 tempore

134 684 279 762 temporis
300 685 527 764 perceptionem
545 687 746 766 perquireret.
777 687 874 749 Potuit
888 687 1039 768 prolecto,
1062 688 1153 749 immo
1171 686 1230 750 de-

134 791 199 854 ltuit
222 792 311 854 liuius
333 809 454 873 quoque
486 793 563 857 iusta
586 797 664 858 ratio
693 793 866 873 duc‘l‚‘nisi
896 797 925 858 id
958 815 1024 860 cum
1056 797 1230 859 obiectivae

131 901 188 962 τοῦ
210 895 328 978 χρόνον
354 902 611 965 considerationis
634 903 815 966 detrimento
829 905 925 967 lieret.
969 905 1152 968 Aristoteles
1174 925 1231 968 au-

134 1013 193 1072 lem
216 1010 310 1072 semel
335 1029 352 1072 a
374 1029 449 1074 vero
472 1012 630 1094 digressus
654 1013 732 1075 adeo
756 1013 928 1091 aberravit,
961 1019 993 1076 ut
1026 1013 1094 1076 sine
1127 1015 1228 1077 animo

133 1119 245 1181 nullum
268 1122 392 1182 omnino
415 1128 531 1201 ternpus
552 1122 684 1186 existere
707 1123 843 1185 doceret.
895 1125 959 1186 Nee
982 1130 1082 1186 tamen
1105 1123 1231 1187 dillroile

134 1234 199 1305 est,
231 1229 350 1310 aliquae
385 1231 416 1292 in
439 1231 505 1294 cius
537 1232 792 1294 commentatione
824 1233 956 1314 vestigia
986 1231 1229 1311 deprehendere,

134 1355 213 1417 quae
236 1339 384 1418 probant,
416 1358 454 1401 ne
475 1341 573 1421 ipsum
601 1341 722 1421 quidem
749 1341 808 1402 hae
841 1341 936 1403 dere
963 1341 1229 1420 persuasissimum

134 1447 251 1510 luisse:
272 1449 399 1510 Primum
422 1450 502 1511 enim
523 1450 605 1511 hacid
627 1467 698 1513 raro
716 1450 754 1512 de
775 1456 912 1530 tempore
935 1449 1068 1530 loquitur
1087 1456 1229 1530 tanquam

135 1555 175 1619 de
198 1575 232 1619 re
254 1575 310 1637 per
331 1577 365 1620 sc
394 1559 579 1622 subsistente
603 1566 652 1636 et,
675 1559 754 1621 sicut
776 1559 919 1638 spatium,
943 1559 975 1620 in
997 1565 1105 1621 natura
1127 1577 1229 1622 rerum

132 1667 242 1746 posita.
271 1668 417 1746 Apertum
438 1675 484 1730 est
504 1661 624 1731 hoo'ex
646 1669 694 1747 iis,
717 1688 795 1750 quae
818 1668 857 1730 de
869 1669 1015 1748 temporis
1033 1668 1230 1749 amplitudine

134 1774 306 1856 virtuteque
327 1777 495 1838 traduntur.
547 1779 601 1839 Est
623 1779 703 1839 enim
728 1784 845 1858 tempus
875 1777 1051 1859 magnitudo
1080 1777 1229 1858 quaedam

136 1901 244 1948 omues
266 1903 414 1965 superans
437 1905 487 1950 res
511 1882 591 1962 (ἔστι
613 1885 673 1966 γόρ
697 1883 810 1965 χρόνος
835 1909 882 1960 τις
912 1887 1035 1966 πλείων,
1058 1880 1089 1959 ὃς
1113 1883 1229 1966 uinco&-

134 1996 179 2069 ξεν
200 1994 258 2054 τοῦ
278 1987 357 2055 εἶναι
382 1993 487 2054 aaron
509 2002 570 2071 (sc.
596 1987 656 2054 ὅσα
680 1992 812 2075 φθαρτοὶ
838 1995 891 2055 κατ’
910 1993 1056 2078 χεννητό)
1080 1997 1146 2056 κατ’
1161 1997 1230 2056 τοῦ

133 2105 391 2179 μετροῦντος
425 2099 493 2181 τήν
528 2102 695 2179 odorae,
729 2121 755 2163 c.
790 2105 845 2179 12,
884 2109 913 2162 ei
946 2101 1151 2185 ληφθήσεταί
1184 2127 1230 2176 τις

135 2212 251 2272 πλείων
271 2212 385 2290 χρόνος
408 2207 522 2282 παντός
551 2214 607 2272 τοῦ
639 2207 672 2274 ἐν
704 2210 809 2296 χρόνῳ
832 2202 1074 2290 όντος,1111ό.),
1099 2214 1148 2274 cui
1181 2211 1230 2275 vel

135 2325 216 2382 tanta
240 2321 402 2382 asciscitur
433 2321 593 2398 ἐνέργεια,
625 2325 657 2381 ut
687 2337 816 2399 corpora
846 2337 908 2380 non
940 2319 1030 2381 modo
1064 2321 1227 2397 contineat,

136 2428 193 2490 sed
216 2429 307 2492 etiam
328 2429 454 2516 alliciat,
474 2435 658 2508 corrumpat,
683 2429 832 2491 dissolvat
851 2434 882 2490 et
903 2429 943 2491 sit
965 2429 1011 2490 vis
1036 2429 1074 2490 ad
1098 2429 1230 2491 subver-

136 2537 227 2599 tenda
252 2538 351 2599 omnia
374 2537 654 2609 efficacissimae).
698 2538 740 2598 lta
774 2537 904 2618 legimus
931 2538 962 2598 iu
991 2557 1057 2618 cap,
1090 2540 1149 2599 12:
1182 2536 1230 2599 dri

137 2643 256 2727 όνόχκνχ
282 2645 385 2708 πόνια
407 2647 439 2708 ἐν
468 2643 570 2730 χρόνῳ
594 2638 669 2710 ὄντα
703 2648 909 2727 περιέχεσθαι
934 2643 995 2706 cino*
1020 2647 1078 2708 τοῦ
1100 2639 1230 2725 χρόνον,

136 2748 241 2832 όόστιερ
274 2758 326 2816 κατ’
357 2747 456 2817 τᾶλλα
489 2747 549 2816 όσα
579 2751 612 2816 ἔν
639 2778 697 2818 τινι
732 2756 815 2817 ἐστίν
838 2801 846 2816 .
869 2799 877 2816 .
899 2800 907 2816 .
932 2801 939 2814 .
963 2751 1017 2816 κατ’
1049 2751 1230 2834 πάσχειν
1270 2777 1273 2788 ·

137 2859 184 2940 δή
219 2885 254 2922 τι
282 2861 358 2923 ὑπὸ
386 2866 456 2922 τοῦ
485 2865 658 2942 χρόνον,
683 2865 827 2938 καθάπερ
855 2861 909 2923 κατ’
940 2865 1039 2942 λέγειν
1071 2861 1231 2941 εἰώθαμεν

138 3072 237 3122 tionem
257 3086 315 3122 ease
336 3072 438 3137 probat.
476 3069 561 3122 Pluris
575 3076 661 3122 autem
675 3069 797 3120 iacienda
816 3075 865 3134 est,
885 3083 962 3136 quam
983 3083 1042 3136 cap.
1061 3068 1099 3120 lt.
1120 3069 1231 3136 proten,

139 3169 303 3221 enuntiatio:
329 3173 377 3221 καὶ
400 3159 456 3238 χόρ
476 3171 586 3238 γίνεται
606 3168 636 3221 ἰν
655 3166 751 3236 χρόνῳ
771 3169 819 3218 καὶ
843 3169 994 3237 φθείρεται
1011 3169 1059 3219 καὶ
1077 3163 1231 3230 αὐξάνεται

136 3269 184 3318 καὶ
206 3264 368 3320 ἀλλοιοῦται
388 3266 418 3318 ἐν
433 3263 529 3336 χρόνῳ
546 3267 593 3315 καὶ
613 3267 743 3334 φέρετον
763 3252 779 3335 ᾗ
800 3256 838 3316 οὗ
846 3283 862 3318 ν
880 3259 1026 3328 ’κίνησίς
1045 3263 1129 3325 ἐστι,
1147 3265 1230 3338 ταύτῃ

141 3363 212 3422 aaa,
232 3360 275 3410 ulii
297 3367 399 3427 tempus
417 3359 528 3428 quodam
550 3366 622 3411 certe
640 3374 719 3410 seusu
738 3365 824 3409 motus
846 3375 904 3410 esse
924 3358 1027 3409 dicitur.
1063 3358 1142 3408 Porro
1161 3367 1230 3410 tem.

137 3473 185 3524 pus
205 3463 301 3507 motum
321 3457 427 3508 irretitur
445 3456 576 3523 sirnulque
596 3455 709 3524 legimus
736 3471 794 3506 eum
818 3462 931 3518 motum,
951 3455 995 3522 qui
1022 3455 1048 3504 in
1071 3454 1161 3505 orbem
1180 3455 1230 3507 lle.

139 3561 238 3618 ctatur,
260 3559 363 3604 ceteros
388 3566 558 3619 quoscunque
586 3557 672 3600 motus
698 3551 800 3613 metiri;
829 3564 918 3599 nonne
943 3549 1026 3617 igitur
1055 3549 1122 3600 hanc
1145 3557 1230 3602 motus

139 3651 258 3716 speciem
280 3652 493 3720 (κυκλοφορίαν)
513 3645 581 3698 idem
597 3661 655 3697 esse
677 3660 753 3712 quam
773 3652 875 3711 tempus
894 3644 1017 3710 oportet?

239 3745 286 3814 73)
312 3745 459 3814 Singularis
479 3743 522 3794 hic
544 3743 686 3811 stagiritae
706 3755 779 3792 error
800 3742 892 3791 mirum
914 3747 954 3791 cat
979 3749 1102 3809 quantum
1120 3741 1230 3810 pervul-

140 3848 226 3914 gatam
254 3841 369 3892 Platonis
395 3840 427 3890 de
452 3845 571 3905 tempore
597 3836 800 3906 intelligentiam
827 3837 853 3886 in
881 3837 1031 3889 memoriam
1055 3846 1180 3903 revocet,
1200 3846 1231 3889 ut

137 3938 182 4004 qui
208 3938 320 4003 tempori
340 3935 519 3988 ὑοοσταοΙαν
538 3933 665 4001 quandam
693 3935 811 4000 assignet
828 3941 990 3998 procreatam
1009 3950 1056 4001 per
1079 3935 1194 3986 idearum
1215 3949 1231 3984 a

138 4040 221 4082 semet
250 4034 313 4098 ipsis
340 4029 525 4082 delectionem.
578 4027 723 4096 Sophocles
750 4026 817 4079 ultra
842 4029 1011 4082 Aristotelem
1043 4029 1161 4096 precedit
1188 4027 1230 4078 hia

138 4127 273 4177 versibus:
335 4125 441 4181 ἅπανθ’
458 4124 471 4178 ὁ
490 4119 598 4196 μακρός
616 4124 827 4198 νόνορίθμρτος
844 4126 950 4194 χρόνος

340 4223 407 4293 φύει
426 4220 529 4288 addela
550 4225 595 4274 aar
615 4226 743 4293 φανέντα
762 4221 923 4294 κρύπτεται.

899 4314 966 4368 Aiax
984 4326 1011 4365 ν.
1030 4311 1092 4368 627.
