2910 4698
568 283 774 350 ῃιῑ...

118 459 254 522 invicem
283 477 383 540 neque
410 459 536 524 alteram
569 461 607 522 ab
636 459 732 523 altera
764 459 919 524 deducere
945 457 1034 537 lieet,
1062 457 1100 522 od
1124 475 1215 522 uuum

117 569 300 650 principium
332 569 488 648 reductis,
523 570 619 632 nostri
649 570 784 650 ipsorum
820 567 1037 633 conscientiam
1066 561 1159 644 sira,
1184 572 1217 630 ιιι

118 678 296 740 Aristotelis
317 677 373 754 (de
395 697 443 742 an.
466 678 489 756 l,
504 680 540 756 i)
563 684 631 740 utar
652 678 765 755 verbis,
788 672 843 738 τὸν
859 675 939 738 sard
964 673 1117 757 φρόνησιν
1143 676 1218 738 coir

45 867 47 874 Ι
119 786 221 866 adepti
241 803 354 850 sumus.
399 787 487 862 Quod
512 787 635 866 quidem
658 786 700 848 ita
721 786 835 864 evenit,
858 791 891 847 ut
911 790 1027 846 nosmet
1048 784 1132 862 ipsos
1158 800 1216 846 co..

116 895 258 978 gitationi
272 902 397 960 nostrae
417 896 583 974 subiectos,
607 895 744 961 eiusdem
767 894 914 960 obiectum
933 894 1107 971 fecerimus,
1130 892 1221 956 cuius

117 1023 201 1068 nunc
229 1012 336 1068 natura
362 1006 565 1070 examinanda
594 1012 650 1068 est.
705 1004 814 1068 Partim
846 1005 945 1082 enim,
974 1009 1007 1064 ut
1035 1003 1094 1065 iam
1125 1019 1217 1082 supra

86 1096 88 1100 ’
121 1114 291 1194 expositum
315 1121 380 1194 est,
405 1115 562 1176 eratione
583 1119 702 1177 constat
723 1114 752 1176 b.
777 1131 804 1176 e.
829 1133 846 1178 e
869 1112 1011 1176 facultate
1033 1111 1137 1192 pulsus
1160 1129 1216 1174 re-

118 1223 262 1302 cipiendi,
287 1225 394 1304 partim
419 1225 606 1286 evolantote
625 1224 692 1288 sive
714 1241 750 1286 ea
766 1223 808 1301 vi,
835 1240 912 1302 quae
933 1221 1030 1284 libere
1053 1221 1085 1282 in
1105 1220 1217 1300 impul-

116 1331 222 1396 siones
246 1333 348 1414 respit
363 1334 401 1410 ὑ).
448 1333 544 1407 Quam
565 1338 724 1413 utramque
754 1331 834 1394 siin
863 1337 964 1392 mutua
987 1347 1042 1392 sua
1064 1328 1214 1391 relatione

24 1467 26 1472 v
115 1446 147 1502 ct
179 1441 362 1506 efficacitate
395 1442 652 1522 contemplamur,
687 1440 925 1522 cognoscimus,
954 1457 1019 1502 eam
1053 1437 1214 1500 manifesta
1342 1525 1348 1536 ⁸

114 1567 190 1630 pree
212 1569 247 1614 se
278 1551 360 1612 ferre
390 1551 597 1631 etatemporis
632 1556 662 1612 et
693 1549 782 1630 spatii
812 1548 953 1630 vestigia.
1004 1547 1101 1620 Quum
1133 1546 1212 1608 enim
1259 1573 1262 1579 ·

110 1658 197 1722 baud
217 1660 415 1740 ignoremus,
438 1660 475 1722 ab
497 1660 677 1723 aeternitate
707 1677 764 1720 nos
786 1676 844 1720 nec
865 1658 981 1720 viribus
1004 1656 1063 1717 illis
1084 1653 1212 1735 praedi-

113 1773 162 1831 tos
187 1785 245 1829 nec
268 1770 366 1831 nostri
387 1770 532 1832 conscios
555 1771 660 1846 luisse,
686 1765 942 1850 recognoscenda
963 1766 1042 1828 ratio
1067 1770 1129 1842 est,
1153 1782 1212 1846 qua

119 1894 159 1938 ex
179 1875 335 1940 indefinito
357 1888 462 1960 (quam
491 1896 553 1940 non
574 1883 675 1958 potest
695 1894 756 1940 non
783 1883 887 1958 petere
917 1873 1115 1956 philosophus
1130 1877 1158 1951 ⁷)
1183 1879 1213 1938 et

116 2013 412 2025 ...ᾑ-

213 2085 242 2147 6)
262 2084 365 2150 Duplex
386 2085 452 2136 baec
472 2085 584 2138 facultas
599 2089 696 2139 iccirco
710 2088 757 2140 vix
776 2087 840 2138 mibi
855 2103 935 2156 egere
954 2089 1116 2156 argumentis
1134 2087 1212 2143 vide-s

113 2185 163 2243 tur,
176 2180 246 2246 quod
263 2196 334 2230 suam
348 2183 459 2248 quisque
472 2184 660 2234 conscientiam
677 2182 755 2234 babet
768 2189 860 2234 testem
876 2183 1116 2248 locupletissimam.
1136 2183 1211 2248 llam,

113 2283 142 2326 ut
162 2263 276 2344 linouam
296 2279 417 2344 priorem,
435 2282 493 2346 quis
515 2285 563 2344 est,
579 2279 641 2347 quin
661 2280 766 2342 sentiat,
782 2295 812 2330 se
831 2279 869 2329 sic
885 2293 937 2330 non
954 2295 1012 2330 esse
1026 2286 1212 2344 comparatum,

113 2378 151 2436 ut,
172 2379 281 2424 naturae
298 2374 379 2424 instar
390 2374 432 2424 vel
443 2376 573 2426 animatae
584 2375 629 2426 vel
641 2377 809 2439 inanimatae,
828 2381 935 2426 resonet
952 2375 1139 2440 impressiones
1160 2374 1210 2424 sit-

116 2484 169 2535 que
188 2483 240 2518 vcx
260 2471 334 2536 quasi
354 2485 523 2536 repercussa,
544 2487 611 2538 quae
631 2471 662 2522 ad
683 2471 773 2540 pulsus
794 2472 958 2522 extrinsecus
977 2470 1071 2522 allatos
1090 2470 1210 2521 necessi.

113 2571 168 2616 tate
187 2565 367 2632 respondeat?
402 2566 449 2618 Est
469 2575 554 2618 autem
581 2567 678 2634 duplex
697 2569 843 2620 iniunctum
865 2569 970 2634 proprie
991 2575 1018 2618 et
1040 2568 1208 2633 reactivitati,

115 2677 192 2728 quem
215 2661 426 2730 centrifnpolem,
448 2670 473 2714 et
491 2663 686 2729 receptivitati,
707 2678 783 2732 quam
803 2662 995 2732 cantripctalcm
1014 2677 1110 2715 vocare
1130 2663 1209 2715 animi

112 2764 214 2822 partem
234 2758 303 2809 band
322 2759 438 2811 alienum
456 2760 569 2826 videtur,
588 2776 690 2814 munus.
714 2759 791 2816 ,llam
811 2759 870 2812 dum
890 2759 936 2812 illa
955 2761 1053 2826 pariter
1068 2769 1092 2812 ct
1110 2755 1209 2828 impul..

112 2864 168 2899 sum
190 2855 286 2918 recipit
306 2862 333 2904 et
350 2857 376 2904 in
400 2857 486 2922 ipsum
505 2856 590 2908 libere
613 2857 754 2924 impulsum
773 2859 875 2926 reagit,
898 2856 964 2908 baec
986 2874 1040 2908 non
1058 2856 1139 2908 solum
1158 2873 1209 2910 ex-

81 2927 84 2934 *
112 2946 194 2995 ternis
215 2945 309 2996 feritur
328 2949 561 3014 impressionibus,
587 2951 729 3002 sedetiam
751 2952 853 3004 liberae
873 2952 1015 3002 reactionis
1033 2951 1119 3002 ideam
1138 2953 1209 3016 pati-

110 3047 153 3090 tur
172 3047 198 3090 et
216 3041 437 3096 informationem.
474 3044 643 3112 Nequaquam
664 3045 732 3094 enim
751 3046 830 3096 animi
849 3045 1020 3109 receptivitas
1038 3060 1110 3096 mera
1124 3052 1164 3096 est
1182 3053 1208 3096 et

111 3136 228 3192 absoluto
247 3140 393 3208 perpessio,
417 3146 508 3190 contra
528 3156 568 3204 ea,
588 3147 615 3189 ut
638 3141 753 3191 viventis
773 3147 799 3190 et
818 3153 864 3210 pro
877 3155 906 3190 se
926 3115 1065 3191 existentis
1084 3141 1207 3208 principii

111 3235 241 3288 revelatio
260 3238 347 3288 octioa
365 3235 492 3304 quaedam
512 3237 648 3302 perpessio
669 3243 717 3288 est.
756 3237 791 3288 At
808 3251 917 3306 quaeras
933 3237 1044 3290 fortasse
1066 3237 1117 3288 boc
1136 3237 1206 3304 loco,

111 3332 174 3400 quid
194 3335 237 3398 sit,
257 3334 326 3401 quod
347 3334 474 3386 certiores
489 3348 537 3384 nos
553 3333 643 3398 iaciat,
662 3335 774 3386 animum
795 3350 849 3386 non
867 3333 951 3386 solum
971 3335 1097 3403 reagendi
1116 3335 1206 3386 lacul-

109 3436 165 3480 tate
186 3429 331 3495 praeditum
352 3446 419 3494 esse,
438 3429 486 3482 sed
507 3433 585 3482 etiam
604 3429 684 3482 didere
702 3429 839 3500 respondi,
859 3431 877 3481 i.
898 3447 920 3482 a.
937 3445 989 3480 non
1009 3431 1205 3481 reactivitatem

108 3532 223 3590 tantum,
248 3541 316 3593 quae
342 3533 382 3580 est
403 3527 486 3594 ipsius
511 3525 701 3594 quodammodo
729 3534 838 3578 naturae
863 3527 982 3592 propria,
1009 3541 1100 3576 verum
1125 3527 1204 3578 etiam

109 3603 330 3688 spontaneitatern
348 3620 483 3688 prodere?
519 3621 572 3672 l'ua
591 3628 640 3686 est,
664 3620 765 3687 hercle,
785 3622 923 3689 tuiipsius
943 3622 1114 3686 conscientia,
1138 3637 1205 3690 qliae

110 3719 160 3770 ista
180 3718 225 3776 tibi
246 3718 398 3784 planissime
418 3718 574 3788 persuadet,
596 3719 694 3786 qnippe
718 3733 797 3786 quum
827 3717 857 3770 ra¹
881 3732 931 3786 ego
953 3733 986 3770 ex
1010 3719 1089 3770 variis
1116 3734 1204 3776 emer.

111 3829 177 3884 gens
204 3815 372 3866 dilectionum
397 3816 587 3868 mutationibus
605 3831 665 3868 sese
684 3813 795 3868 extollat
818 3815 954 3882 erigatque
982 3830 1060 3882 supra
1081 3816 1204 3882 principii
1269 3837 1275 3844 ·

108 3909 346 3968 manifestationem
372 3912 461 3978 itaque
486 3911 536 3963 sibi
564 3911 712 3962 libertatem
737 3912 837 3976 pariat,
858 3927 925 3978 quae
950 3925 1027 3978 quum
1053 3912 1156 3962 interna
1175 3911 1202 3960 vi

110 4003 269 4062 decernendi
295 4014 348 4058 tum
377 4014 486 4058 externa
511 4005 655 4060 voluntatis
681 4005 820 4061 consilium
848 4006 880 4058 ad
907 4007 1028 4060 ellectum
1056 4003 1202 4058 adducendi

107 4099 200 4172 pollet.

208 4198 236 4266 7)
258 4198 334 4261 Quod
351 4201 387 4252 ita
410 4213 468 4252 esse
494 4196 613 4264 pauculis
638 4197 682 4250 bic
704 4197 882 4250 demonstrare
907 4211 953 4262 par
979 4202 1026 4247 est.
1064 4193 1202 4246 Hominem

107 4289 178 4345 enim
197 4307 250 4343 non
269 4294 352 4358 primo
371 4295 433 4346 inde
451 4310 466 4346 a
484 4301 560 4362 partu
578 4294 674 4348 ruentis
692 4291 881 4363 agitationibus
899 4291 1000 4344 morari
1019 4288 1138 4355 ipsiusve
1157 4293 1201 4342 ta-
