2910 4698
111 454 259 533 slentiue)
283 472 382 535 neque
409 471 543 536 unquam
574 456 637 540 agit
684 455 784 518 tiones
804 459 898 518 lolam
921 453 1209 520 obiectivaemani-

112 563 172 626 nisi
196 563 341 644 cogitatio
364 565 578 644 praecesserit.
684 565 856 628 festationis
878 565 1038 647 regionem
1055 565 1208 646 explicue-

682 673 824 736 nithe.
856 679 926 736 anle
955 674 1058 736 existit
1087 680 1116 738 et
1146 675 1210 760 agit

643 776 644 780 ’
684 801 772 864 quam
794 783 919 862 cogitat.

110 877 197 952 Unde
226 889 380 970 sequitur,
404 895 436 951 ut
457 889 574 952 animus
597 889 637 951 ll-
726 890 988 966 Quamobcausam
1017 889 1209 954 necessitatis

110 999 186 1060 bero
217 998 370 1062 voluntate
398 1001 554 1080 praeditus
586 1004 635 1066 sil.
683 998 740 1078 legi
754 986 887 1061 obnoxia
911 1004 966 1061 est.
1010 999 1059 1061 Ad
1076 1000 1135 1064 hoo
1150 1018 1209 1065 na·

110 1109 193 1172 Inter
221 1107 314 1170 animi
340 1113 500 1187 praeterea
530 1110 635 1174 subie-
683 1114 769 1171 lurae
792 1114 821 1171 sl
853 1106 991 1170 subiecta
1026 1115 1056 1171 et
1087 1105 1208 1177 obiecta

50 1201 52 1204 ⁵
112 1218 634 1298 clametobiectumhocinteresl,
685 1223 786 1298 partes
819 1215 1098 1296 phaenomenorum
1131 1236 1210 1282 con-

109 1327 193 1409 quod
224 1327 297 1390 iilud
327 1324 393 1408 ipso
418 1327 495 1390 reali
517 1328 636 1408 prinoi—
683 1328 808 1389 stiluunl
835 1330 941 1405 estque
967 1327 1031 1388 eius
1059 1327 1209 1392 subiecti-

32 1419 36 1428 *
109 1437 178 1517 pio,
202 1423 268 1500 hoo*
287 1443 387 1512 aulem
414 1437 635 1517 phoenomenis
683 1435 761 1498 vitas
786 1433 862 1496 nihil
893 1453 947 1515 per
976 1452 1010 1497 se
1037 1435 1207 1500 subsistens

111 1550 242 1623 constal,
265 1546 307 1609 ila
329 1553 362 1608 ut
384 1545 502 1608 animus
521 1545 560 1608 sit
577 1563 636 1624 per
683 1535 737 1609 sed
757 1546 932 1622 complexus
952 1543 1083 1606 omnium
1096 1542 1210 1606 indici-

96 1653 634 1739 'aasabiectum(SubJehlfirrsich).
683 1653 811 1715 duorum
833 1653 1028 1716 sensualium.

112 1746 264 1843 Denique
283 1765 314 1825 in
342 1766 443 1828 animo
476 1765 636 1828 exhibetur
725 1765 757 1826 in
787 1767 895 1826 natura
924 1764 1071 1825 unitatem
1102 1762 1209 1825 cerni-

41 1907 42 1910 =
110 1871 204 1934 realis
226 1873 326 1936 unitas
349 1857 378 1936 sl
400 1873 537 1936 formalis
559 1874 637 1937 dna·
683 1891 749 1936 mus
778 1874 958 1951 fontinalem,
988 1872 1102 1937 realem
1132 1892 1209 1938 vero
1253 1870 1255 1873 ’

13 2039 15 2046 .
111 1973 190 2044 titas.
684 1981 868 2046 dualitatem.

214 2089 300 2152 Unde
322 2107 412 2170 quum
434 2090 557 2172 liqueat,
580 2092 672 2153 animi
695 2093 886 2155 existentiam
911 2093 948 2155 ab
970 2085 1131 2155 existentia
1153 2109 1212 2154 na-

11 2279 12 2286 *
112 2203 199 2260 turae
220 2196 362 2279 differre,
393 2201 542 2278 efficitur,
570 2207 604 2262 ul
635 2199 763 2281 perinde
794 2207 909 2278 tempus
932 2208 961 2261 et
991 2199 1124 2279 spolium
1151 2199 1212 2262 sint

113 2306 233 2387 utrique
252 2308 416 2388 dicessum,
439 2311 548 2391 quippe
571 2327 649 2390 quae
663 2308 843 2374 essentiales
859 2309 1016 2389 utriusque
1032 2309 1212 2372 manifesta-

115 2419 207 2482 tionis
228 2419 342 2482 formas
366 2437 436 2482 esse
460 2421 708 2501 cognoverimus.
752 2420 870 2483 Etenim
895 2420 983 2499 quum
1004 2417 1098 2481 animi
1130 2424 1211 2482 lem-

19 2591 21 2594 .
112 2547 168 2609 pus
191 2534 221 2590 et
242 2528 370 2608 spatium
396 2529 512 2592 formae
533 2529 595 2591 sint
616 2528 708 2591 realis
736 2527 1111 2608 receptiva-spontaneis
1132 2527 1211 2590 uiri-

116 2638 172 2700 bus
193 2655 264 2701 sese
285 2637 507 2702 manifestantis
530 2639 690 2720 principii,
714 2644 840 2701 naturae
863 2638 968 2702 eadem
996 2637 1117 2718 propria
1142 2643 1211 2699 sunt

116 2753 149 2808 ut
171 2747 350 2812 essentiales
380 2766 470 2829 quum
500 2748 674 2813 obieclivae
700 2747 901 2827 (materialis)
929 2753 991 2809 tum
1023 2745 1213 2811 subiectivae

116 2856 299 2929 (sensualis)
334 2858 588 2920 manifestationis
622 2859 740 2921 formae
779 2865 809 2920 el
844 2857 966 2938 quidem
1004 2855 1211 2919 substantialis

114 2961 388 3041 manifestationis,
413 2965 498 3027 cuius
529 2967 559 3027 in
590 2966 741 3044 duplicem
772 2966 933 3046 regionem
964 2981 1056 3025 unum
1085 2969 1211 3026 naturae

113 3071 294 3154 principium
319 3072 440 3134 transiit
461 3073 621 3153 periitque.
667 3075 858 3152 Quapropter
876 3072 1017 3152 quoniam
1037 3071 1129 3134 animi
1151 3089 1210 3134 na-

60 3249 63 3255 ,
118 3188 263 3261 tusaeque
285 3186 346 3244 tam
370 3181 477 3243 modos
493 3182 685 3260 existentiae,
709 3198 797 3261 quam
819 3179 968 3262 principia
983 3198 1053 3243 esse
1076 3179 1209 3260 diversa,

117 3292 208 3354 immo
230 3291 289 3354 sibi
312 3290 450 3371 opposita
475 3296 612 3370 constat,
637 3291 807 3373 quaeritur,
833 3291 984 3372 siquidem
1006 3289 1087 3354 nulla
1110 3295 1212 3370 potest

117 3399 276 3464 antithesis
293 3400 444 3463 disiuncta
464 3419 625 3464 remanere
642 3403 695 3480 ²⁶),
718 3402 841 3464 ubinam
863 3402 1019 3480 utriusque
1040 3400 1120 3462 illius
1135 3398 1211 3460 sub-

118 3511 247 3574 stantiae
270 3508 445 3573 conciliatio
466 3512 646 3590 reperiatur.
696 3511 761 3574 Neo
789 3510 867 3587 hoc,
891 3509 1062 3584 mehercle,
1086 3507 1210 3569 inventu

117 3619 240 3683 difficile
263 3626 319 3683 est.
363 3619 489 3683 Nosmst
511 3619 591 3681 enim
620 3618 677 3700 ipsi
700 3618 920 3680 conscientiam
944 3617 1090 3679 habemus
1119 3615 1211 3679 locu-

113 3781 412 3800 hub-m

217 3901 263 3959 lot
282 3899 321 3952 nd
341 3900 408 3952 haec
428 3897 562 3950 Ciceronis
583 3895 706 3947 adhibere
725 3894 805 3946 verba
826 3891 896 3958 licet,
917 3893 959 3961 qui
979 3893 1005 3944 in
1023 3892 1119 3946 Timaei
1134 3891 1210 3944 c.lV.

116 3999 155 4049 sic
173 3998 305 4066 loquitur:
325 3995 431 4062 „Omnia
450 4001 535 4045 autem
555 3991 605 4043 duo
624 3992 655 4042 ad
675 3991 865 4042 cohaerendum
885 3991 987 4043 tertium
1003 3988 1100 4057 aliquid
1120 3987 1211 4053 requi-

117 4100 176 4144 runt
193 4101 219 4143 et
237 4094 311 4161 quasi
333 4091 427 4143 nodum
451 4087 636 4156 vinculumque
655 4086 810 4140 desiderant.
854 4087 904 4140 Sed
931 4084 1093 4140 uinculorum
1117 4079 1143 4131 id
1172 4088 1211 4132 est

123 4189 282 4255 aptissimum
303 4196 379 4258 atque
402 4186 620 4256 pulcherrimum,
641 4185 709 4252 quod
733 4201 764 4238 cx
792 4199 821 4238 se
844 4192 920 4252 atquc
943 4183 975 4232 da
996 4179 1049 4242 bis,
1070 4190 1137 4244 qnae
1162 4175 1210 4226 ad-

116 4281 235 4354 s'triirgit,
255 4299 330 4355 quam
351 4286 461 4340 maxime
480 4295 558 4338 unum
581 4280 688 4337 eflicit.t
756 4331 760 4339 ,
1093 4266 1096 4270 ’
