2910 4698
681 231 891 295 ..po-

240 412 436 495 pletissimam
468 408 640 474 istiusmodi
665 405 891 476 coniunctionis
916 410 1033 476 testem,
1077 402 1172 476 Homo
1192 403 1337 474 nimirum

243 529 305 602 est,
328 522 379 602 qui
402 539 441 584 ex
463 520 564 584 animo
589 524 618 584 et
641 524 767 586 naturae
796 515 954 583 individuo
979 521 1144 596 (corpore)
1178 513 1338 592 composi-

239 638 288 695 tus
311 630 370 692 aluo
392 629 469 692 baec
492 627 636 691 conciliat
651 625 801 708 principia
823 641 989 704 eorumque
1010 623 1185 702 organicum
1207 621 1338 700 spathe·

241 740 290 800 sin
310 738 474 801 constituit.
518 736 592 800 Nam
615 736 689 800 licet
710 735 828 798 animus
851 753 887 797 ac
911 740 1018 797 natura
1043 732 1251 813 (qualitative)
1276 732 1340 795 sibi
1445 815 1446 832 χ

241 848 379 931 opposita
401 847 479 924 sint,
504 845 642 918 absolute
661 850 761 907 tamen
785 843 865 912 inter
885 861 920 906 se
942 860 1004 906 nou
1031 840 1191 919 differunt,
1221 841 1275 904 sed
1306 841 1342 904 in

235 958 440 1042 cogitatione,
462 962 494 1018 ut
516 972 604 1036 quae,
629 953 820 1034 quantumvis
843 953 975 1030 diversa,
999 953 1031 1014 in
1053 957 1213 1031 utrumque
1237 951 1340 1030 cadat,

244 1073 274 1130 et
303 1065 476 1130 facultatem
507 1063 710 1144 copulationis
743 1069 774 1124 et
807 1061 961 1134 uinculum
993 1060 1116 1124 habent.
1167 1060 1221 1124 Est
1246 1060 1343 1143 igitur

244 1173 440 1248 conscientia,
462 1191 520 1258 qua
541 1172 694 1254 synthesis
717 1172 830 1238 nititur.
875 1171 961 1234 Unde
982 1170 1175 1252 perspicuum
1196 1169 1237 1246 m,
1260 1186 1342 1232 con-

236 1284 427 1356 iunctionem
451 1282 681 1349 substantialem
704 1298 766 1344 non
789 1299 868 1360 esse,
892 1279 947 1343 sed
971 1285 1085 1342 tanturn
1105 1279 1275 1359 sacrantem,
1297 1279 1341 1341 ita

243 1401 275 1459 ut
291 1393 465 1458 contrariae
485 1393 514 1453 in
533 1392 656 1457 homine
679 1397 806 1454 naturae
823 1391 946 1454 minime
962 1389 1198 1468 contundantur,
1222 1388 1278 1452 sed
1293 1388 1342 1452 al-

243 1509 307 1576 tera
330 1503 368 1564 ab
392 1501 517 1568 alterius
533 1501 594 1564 vita
615 1501 693 1564 adeo
711 1500 875 1581 pendeant,
897 1505 929 1561 ut
945 1517 1007 1562 non
1022 1499 1113 1564 modo
1127 1504 1229 1564 mutua
1245 1516 1340 1579 saepe

245 1612 385 1674 fortunae
415 1611 649 1688 communione,
680 1628 786 1672 verum
815 1609 905 1670 etiam
934 1608 1080 1686 mirabili,
1105 1627 1194 1688 quam
1213 1613 1339 1686 vocant,

237 1720 518 1794 vcommunicatione
541 1719 717 1782 idiomatum
746 1723 877 1780 utantur.
928 1719 1041 1780 Natura
1075 1719 1176 1796 enim,
1212 1723 1340 1780 auctore

245 1829 358 1907 animo,
382 1835 411 1892 et
435 1834 614 1908 conceptum
635 1833 664 1890 et
686 1829 733 1890 sui
758 1827 852 1908 ipsius
876 1827 1094 1891 conscientiam
1115 1845 1141 1890 s.
1165 1826 1266 1892 ideam
1281 1826 1341 1888 ob-

244 1937 337 2012 tinet;
362 1936 478 1998 animus
502 1944 622 2015 autern,
646 1943 766 2015 praeter
788 1936 951 2018 generale,
978 1935 1059 2016 quod
1082 1955 1099 1997 e
1122 1936 1341 2016 principiorum

236 2045 439 2126 ,oppositione
460 2024 621 2124 redundat,
645 2046 792 2108 acutioris
808 2046 855 2108 sui
870 2046 1058 2129 cognitionis
1071 2045 1340 2124 distinctionisque

240 2154 490 2232 emolumentum,
513 2173 601 2235 quum
625 2157 680 2214 roi
705 2173 764 2236 ego
792 2155 1010 2236 cogitationem
1033 2155 1247 2234 inconceptus
1270 2172 1345 2234 spe-

245 2265 322 2328 ciem
344 2265 457 2346 redigit
483 2271 543 2326 tum
563 2265 759 2344 phantasiam
775 2265 920 2342 lucratur,
944 2264 1131 2343 praeclaram
1155 2263 1235 2332 illam
1253 2263 1345 2328 ideu-

244 2392 311 2436 rum
334 2372 455 2436 divitias
481 2392 549 2434 aum
571 2373 755 2456 imaginibus
779 2378 905 2435 naturae
929 2373 1069 2436 sociandi
1092 2369 1236 2450 indolem,
1262 2391 1342 2453 quae

238 2481 399 2558 hominem
425 2481 499 2548 tacit
521 2481 666 2560 artificem
689 2480 875 2558 (Kdnstler).

315 2591 428 2667 Restat,
441 2596 475 2651 ut
486 2589 567 2670 quod
581 2589 612 2649 in
622 2589 741 2652 homine
752 2590 792 2652 sit
804 2595 919 2672 tempus
930 2595 958 2650 et
968 2589 1111 2670 spatium,
1124 2590 1344 2655 examinemus.

238 2699 283 2766 ,Et
296 2699 425 2778 primum
440 2698 561 2778 quidem
576 2699 767 2761 manifestum
783 2705 839 2776 est,
859 2699 1000 2778 quoniam
1014 2698 1197 2780 synthescos
1208 2699 1302 2760 cardo
1315 2699 1349 2760 in
1427 2717 1429 2722 ·

246 2807 435 2876 conscientia
450 2807 517 2870 sive
533 2807 654 2870 lonnali
674 2813 800 2872 naturae
815 2808 969 2890 animique
986 2809 1231 2874 manifestatione
1246 2807 1348 2872 verti-

246 2920 304 2994 tur,
321 2914 505 3000 obiectivam
518 2922 645 2979 naturae
661 2922 788 2999 partem,
809 2935 917 2998 nempe
935 2937 1047 2998 corpas
1064 2917 1173 2997 ipsum,
1187 2916 1348 2978 nectariola

238 3030 275 3103 ,et
295 3029 411 3102 ternpus
435 3030 464 3085 at
481 3025 613 3103 spatium
636 3026 781 3092 retinere,
833 3026 994 3100 Quaeritur
1014 3028 1073 3089 hoc
1092 3033 1225 3104 tantum,
1248 3043 1349 3106 ecqua

240 3134 370 3226 'mutatio
400 3140 546 3214 appareat
568 3134 598 3195 in
620 3134 752 3196 hominis
776 3136 989 3214 canscientia,
1016 3155 1094 3216 quae
1116 3155 1296 3218 quamquam
1324 3157 1344 3200 e

246 3239 362 3305 duabus
385 3241 584 3302 conscientiis
607 3244 775 3320 composita
799 3262 833 3307 se
856 3250 956 3309 lauren
979 3246 1102 3308 nonnisi
1116 3252 1148 3308 ut
1168 3262 1259 3308 unam
1283 3246 1345 3326 hy-

246 3350 397 3430 postatice
421 3351 615 3415 coniunctam
639 3352 749 3414 noscit.
793 3353 857 3416 Nec
879 3355 1020 3437 prolecto
1044 3355 1110 3417 fieri
1132 3361 1242 3435 potest,
1266 3354 1342 3436 quin

245 3467 372 3540 utraque
396 3460 605 3522 conscientiae
620 3478 690 3541 pars
711 3478 766 3541 per
787 3461 964 3526 idiomatum
986 3463 1068 3526 illam
1084 3463 1345 3536 communicatio-

246 3585 316 3636 nem
338 3569 526 3649 aliquatenus
549 3577 735 3651 permutetur
764 3572 813 3642 uel
846 3573 946 3652 potius
980 3573 1092 3654 aliquid
1125 3572 1202 3636 lucri
1236 3573 1342 3636 iaciat.

246 3677 297 3740 Sic
319 3678 483 3759 imaginum
505 3679 753 3761 schematumque
777 3682 953 3762 complexus
976 3683 1007 3742 in
1030 3683 1156 3745 totidem
1174 3689 1345 3763 conceptus

244 3784 413 3864 extollitur,
437 3789 487 3867 qui
509 3789 541 3850 ia
568 3790 714 3851 memoria
742 3791 830 3852 iacta
851 3809 885 3851 se
909 3791 1036 3852 inuicem
1066 3792 1158 3870 positi
1179 3792 1286 3854 ordina
1313 3799 1347 3855 et

247 3893 463 3958 alliciunturet
482 3899 520 3959 ad
545 3899 739 3962 iudicandum
763 3900 1068 3982 concludendumque
1088 3901 1271 3965 adhibentur
1284 3906 1347 3981 27);

248 4070 542 4084 ’,ιη-...ι--ωι---ᾲιοη-

347 4156 395 4226 27)
415 4152 469 4208 lluc
488 4154 564 4210 ctiam
584 4157 697 4224 pertinet
714 4161 872 4214 recordandi
889 4161 928 4214 ris
947 4161 1138 4234 (Erinnerung)
1157 4165 1215 4218 sive
1230 4164 1346 4220 facultas

253 4250 436 4322 perceptiones
459 4251 485 4304 iu
511 4253 635 4307 anemoria
660 4253 786 4322 repositus
807 4253 889 4314 libere
913 4257 1068 4326 rarecuudi3
1091 4259 1125 4314 al.
1146 4260 1254 4318 Aristot.
1274 4259 1343 4316 iiiut.
