2910 4698
574 315 780 377 ..ff-

133 492 282 576 quidquid
304 499 441 574 tempore
457 494 607 574 metimur,
631 495 814 575 intempore
836 511 906 559 esse
921 495 1145 573 contendimus,
1166 498 1236 560 'sive

134 610 218 668 mot-u
240 609 361 666 constat
384 604 462 682 sive,
485 621 563 685 quae
578 603 665 667 huius
684 604 814 684 privatio
833 611 889 683 est,
913 605 1014 686 quiete
1028 609 1080 681 ³⁰).
1107 605 1234 687 Tenrpua

134 719 180 775 eat
193 712 271 774 enim
291 718 389 774 motas
405 719 434 774 ot
446 712 554 791 quictis
578 730 722 774 mensrrrc
735 715 789 791 ³¹),
813 729 922 792 neque,
952 731 1029 794 quae
1058 733 1116 778 nec
1137 716 1232 778 motui

133 839 192 886 neo
215 822 308 902 quieti
331 820 466 884 obnoxia
487 828 573 899 sunt,
604 823 636 882 in
659 827 796 902 tempore
817 827 994 901 versantur,
1018 830 1123 904 utpote
1145 824 1237 888 inde-

131 931 217 994 finita
239 937 378 1010 tempore
399 935 430 992 et
449 930 781 995 incommensurabilia.
809 931 856 994 Ex
878 930 916 994 iis
939 937 1048 1011 autem,
1074 949 1152 1014 quae
1173 951 1235 996 non
1334 922 1337 928 ’

131 1047 213 1120 sunt,
237 1059 284 1120 ea,
309 1058 387 1121 quae
409 1058 468 1102 nec
491 1040 578 1104 luere
598 1059 657 1103 nec
693 1057 763 1102 esse
785 1046 910 1121 queunt,
933 1057 992 1104 una
1014 1061 1081 1104 cum
1101 1043 1235 1122 ipsorum

133 1150 284 1231 oppositis
300 1167 422 1231 semper
442 1149 641 1212 existentibus
656 1149 686 1210 in
708 1155 845 1229 tempore
861 1167 924 1212 non
937 1153 1114 1228 versitatum
1137 1167 1234 1232 quae-

131 1278 253 1341 cunque
275 1266 375 1324 autem
397 1260 446 1322 vel
469 1259 556 1324 luere
578 1259 627 1322 vel
648 1265 777 1339 possunt
799 1277 880 1337 esse,
901 1259 932 1322 in
954 1266 1091 1342 ternpore
1113 1267 1182 1324 suot
1201 1268 1234 1324 ut

130 1370 260 1448 caduca,
284 1370 463 1448 nascentia,
498 1368 673 1432 dilabentia.
719 1368 905 1448 superantur
926 1369 1004 1431 haec
1027 1370 1107 1432 enim
1131 1371 1235 1432 conti-

129 1486 301 1559 nenturque
323 1485 477 1558 tempore,
500 1477 592 1540 veluti
612 1483 720 1554 motus,
745 1477 831 1556 quies
860 1494 972 1558 resque
1001 1479 1106 1557 motui,
1129 1479 1233 1558 quieti,

130 1589 221 1666 ortui,
243 1587 377 1650 interitui
411 1586 565 1650 obnoxiae
588 1590 640 1664 ³2).
695 1586 809 1661 Quibus
833 1586 1011 1667 disceptatis
1031 1605 1087 1650 sex
1108 1587 1234 1652 Aristo-

127 1697 207 1761 teles
228 1698 456 1760 examinaturus
477 1702 621 1778 tanquam
644 1695 831 1758 differentias

198 1808 229 1887 1)
250 1808 377 1887 primum
402 1805 441 1869 de
463 1807 507 1891 τῷ
531 1808 588 1868 νῦν
608 1805 752 1886 loquitur,
778 1805 858 1885 quod
875 1805 1020 1886 temporis
1045 1805 1232 1871 continuita·
1320 1817 1328 1828 ·

128 1923 192 1978 tern
219 1915 376 1978 constituit
393 1918 446 1993 33).
471 1914 671 1978 continuatur
692 1914 772 1976 enim
791 1920 822 1977 et
834 1914 980 1978 dividitur
999 1920 1116 1995 tempus
1139 1933 1234 1996 prae-

129 2024 211 2087 senti
230 2030 396 2101 momento,
420 2030 453 2087 ut
472 2023 554 2086 linea
575 2029 699 2103 puncto,
724 2023 814 2084 itaut
835 2018 868 2083 τὸ
893 2024 948 2086 νῦν
969 2023 1010 2084 sit
1029 2023 1121 2086 futuri
1141 2042 1235 2104 prae-

129 2133 272 2212 teritique
305 2139 367 2195 tum
401 2131 555 2194 vinculum
581 2133 755 2194 continuum
778 2137 840 2194 tum
865 2132 1011 2194 terminus
1039 2131 1068 2193 h.
1092 2149 1120 2194 e.
1143 2133 1234 2196 sutori

128 2242 274 2323 temporis
290 2243 407 2304 initium
423 2241 551 2323 sinisque
567 2242 723 2322 praeteriti
735 2244 787 2319 ³³).
809 2240 896 2304 Unde
912 2240 1052 2318 allicitur,
1074 2247 1106 2302 ut
1118 2238 1151 2304 τὰ
1178 2243 1234 2304 νῦν

127 2371 163 2415 re
185 2352 225 2414 sit
250 2352 329 2414 idem
352 2359 382 2414 et
405 2352 591 2428 continuum,
615 2352 735 2414 ratione
760 2351 915 2414 diversum
939 2355 992 2426 35).
1037 2349 1142 2412 Altera
1165 2349 1230 2412 eius

129 2461 314 2543 significatio
336 2461 412 2523 haec
436 2466 492 2538 est,
516 2465 549 2522 ut
564 2461 604 2522 sit
624 2461 794 2540 proximum
817 2460 972 2540 praesenti
988 2464 1141 2523 momento
1163 2459 1230 2520 sive

128 2569 326 2650 praeteritum
350 2570 420 2630 sive
448 2567 590 2646 futurum.

127 2715 129 2720 ,
194 2679 231 2752 9)
253 2677 382 2757 Tempus
406 2694 501 2762 porro
524 2677 806 2765 determinatur'rqi
828 2679 902 2740 nori
926 2675 975 2738 vel
988 2675 1085 2756 priori
1098 2674 1148 2737 vei
1170 2692 1230 2756 po-

130 2785 254 2848 steriori
269 2786 324 2863 36),
348 2785 441 2866 unde,
466 2803 556 2867 quum
578 2786 654 2849 nihil
676 2803 738 2848 non
760 2785 799 2848 sit
821 2784 995 2867 aliquando,
1020 2784 1125 2866 colligi
1147 2783 1230 2861 licet,

134 2967 278 2977 --..-.--.-
286 2968 373 2978 .-

203 3084 249 3153 30)
268 3083 298 3138 τὸ
319 3085 507 3156 ἐστερημένον
519 3085 663 3150 κινήσεως,
682 3076 811 3154 πεφυκὸς
831 3058 861 3137 δὲ
879 3089 1031 3138 κινεῖσθαι.

203 3197 249 3267 31)
270 3198 285 3253 ὁ
301 3198 407 3270 χρόνος
425 3198 561 3264 κινήσεως
572 3201 620 3250 καὶ
638 3196 756 3270 ἠρεμίας
772 3201 888 3267 μέτρον.

202 3311 248 3381 32)
267 3311 331 3362 Nam
359 3318 474 3378 tempus,
501 3317 628 3378 quatenus
658 3317 797 3377 exsuperat
823 3307 1056 3377 complectiturque
1074 3323 1125 3373 res,
1145 3311 1226 3362 mairia

132 3413 173 3457 est
190 3420 222 3457 eo
240 3414 373 3474 tempore,
397 3406 466 3475 quod
497 3422 581 3458 rerum
608 3399 638 3461 τὸ
663 3422 722 3458 esse
745 3407 850 3458 metitur
876 3406 951 3474 (ἔστι
981 3399 1037 3474 γὰρ
1060 3405 1164 3475 χρόνος
1188 3424 1230 3465 τις

131 3505 244 3567 πλείων,
266 3499 298 3564 ὃς
316 3505 444 3575 ὑπερέξει
463 3507 512 3558 rori
530 3520 558 3557 τε
575 3502 650 3560 εἶναι
672 3502 764 3557 αὐτῶν
785 3506 833 3554 καὶ
855 3502 904 3556 τοῦ
919 3499 1092 3573 μετροῦντος
1111 3489 1161 3566 τὴν
1179 3499 1228 3555 οὗ-

133 3603 213 3653 otor:
233 3597 276 3663 IV,
297 3600 351 3664 tr).
409 3601 411 3606 ’

201 3713 248 3786 33)
265 3705 296 3767 τό
315 3712 346 3767 δὲ
363 3714 416 3768 νῦν
430 3714 490 3768 ἐστι
510 3715 642 3785 συνέχεια
656 3709 775 3784 χρόνον.

201 3810 248 3878 34)
267 3808 327 3862 lure
349 3809 428 3878 igitur
438 3808 593 3863 Aristoteles
611 3801 641 3864 τὸ
664 3809 717 3866 νῦν
734 3813 813 3858 voctl
831 3802 925 3878 α’ρχὴν
943 3805 992 3861 τοῦ
1008 3803 1131 3880 χρόνουτ
1151 3807 1226 3860 ΑοοΙ.

131 3914 199 3976 post.
221 3905 254 3971 ll,
275 3907 315 3958 12.

203 4019 252 4088 35)
272 4018 383 4074 ἔστιδὲ
404 4012 488 4074 ταύτὸ
508 4015 644 4073 καὶκατὰ
669 4009 754 4071 ταύτὸ
775 4017 790 4083 ἡ
811 4015 947 4089 διαίρεσις
965 4020 1014 4072 καὶ
1032 4013 1046 4084 ν)
1067 4017 1175 4080 incorr,
1196 4013 1226 4068 ori

134 4115 158 4166 δ’
176 4113 251 4168 εἶναι
271 4113 303 4170 οὔ
322 4114 418 4170 ταύτό.

204 4225 250 4297 36)
268 4227 316 4278 llic
334 4228 445 4280 fortasse
463 4226 559 4298 aliquis
584 4221 809 4294 quaestiunculam
829 4224 963 4291 posuerit,
988 4223 1034 4292 qai
1064 4221 1160 4273 iactum
1183 4222 1225 4289 sit,

132 4327 180 4388 ut,
207 4325 325 4391 quamvis
349 4325 382 4377 ad
400 4325 449 4381 rori
466 4323 561 4381 ποσοῦ
579 4323 738 4392 categoriam
756 4328 859 4389 tempus
875 4317 1004 4372 referatur
1014 4355 1023 4384 ,
1050 4333 1124 4374 suam
1141 4327 1226 4374 nmen

1005 4430 1029 4500 2
