2910 4698
675 257 883 320 ...50-

232 436 380 500 scientiae
404 455 439 502 aa
460 453 581 519 meque
604 435 643 500 de
673 453 708 499 re
729 437 951 517 testimouium,
976 435 1036 498 boc
1058 438 1171 497 tantum
1201 430 1232 494 in
1260 449 1327 496 me-

232 549 506 626 merlenmaco,
529 547 580 629 qui
600 547 661 611 ulla
684 548 781 628 possit
796 553 942 610 externae
962 543 1173 625 impressionis
1188 543 1324 622 receptio

232 658 365 741 cogitari
395 659 462 722 sine
493 656 587 720 animi
619 656 748 738 quadam
779 655 964 722 reaclione‘l
1006 655 1112 736 Neque
1139 653 1240 730 enirn,
1275 651 1327 731 qui

232 769 357 832 alterius
380 773 510 832 mentem
534 767 636 848 pellit,
659 774 720 830 lum
749 768 781 830 id
811 768 894 848 quod
922 765 1230 858 volnitoonseoatus
1258 779 1328 824 esse

230 878 290 941 sibl
312 878 483 956 videbitur,
508 895 597 957 quum
625 878 676 939 vel
705 895 812 940 vocem
843 877 980 940 emiserit
1001 875 1050 938 vel
1079 874 1161 938 alind
1184 872 1256 954 quid
1278 873 1329 934 le-

233 988 312 1050 cerit
333 987 372 1050 ad
396 987 592 1065 eliciendam,
617 1005 704 1068 quam
727 988 811 1068 petit,
833 987 1031 1055 attentionem
1051 981 1327 1060 accommodatum,

230 1096 303 1172 sed,
326 1101 359 1156 ut
380 1095 541 1176 impressio
563 1095 631 1173 liat,
652 1096 821 1177 profectam
844 1095 882 1158 ab
905 1095 1001 1158 altero
1024 1091 1213 1156 desiderabit
1233 1109 1328 1154 rece-

227 1205 374 1286 ptionem.
433 1205 464 1270 Si
498 1223 575 1287 ergo
613 1205 693 1270 nulla
727 1211 845 1286 potest,
876 1205 1044 1268 secundum
1080 1202 1216 1266 notionis
1248 1201 1323 1278 vina,

231 1315 393 1396 impressio
417 1315 503 1394 fieri,
534 1316 595 1378 nisi
624 1316 663 1379 sit
688 1314 821 1396 aliquid,
851 1315 932 1396 quod
963 1315 995 1377 in
1018 1313 1178 1394 impulsum
1206 1315 1327 1392 reagat,

229 1430 350 1488 constat
372 1431 471 1488 autem
494 1430 666 1505 praeterea,
689 1443 832 1507 magnam
855 1425 998 1488 continuo
1017 1423 1133 1487 exoriri
1146 1420 1328 1486 diversissi-

230 1551 346 1597 marum
367 1533 603 1614 impressionum
626 1535 765 1614 copiam:
797 1534 985 1615 exploratum
1008 1539 1078 1620 est,
1109 1531 1241 1596 animum
1265 1547 1327 1592 nec

228 1644 440 1724 receptiuitate
463 1661 522 1706 nec
549 1645 773 1724 spontaneitate
795 1663 925 1722 vacare,
949 1645 1006 1707 sed
1035 1650 1195 1722 utramque
1223 1640 1328 1704 conti-

228 1769 304 1815 nere
326 1752 496 1816 arctissime
519 1753 730 1832 coniunctam,
753 1759 786 1815 ut
807 1753 1039 1834 perpessionem
1068 1752 1168 1830 illam,
1194 1751 1273 1814 banc
1293 1756 1329 1812 ut

229 1861 383 1924 actionum
407 1880 540 1925 oausam.
897 1843 898 1848 ἵ

331 1972 367 2046 9)
391 1971 452 2032 lam
483 1989 560 2033 vero
594 1972 652 2033 etsi
686 1970 997 2034 differunt'actiones
1032 1989 1068 2034 ac
1096 1947 1327 2050 perpessiones,

227 2080 324 2142 imino.
347 2081 505 2161 oppositae
527 2081 586 2143 sibi
608 2087 732 2162 propter
755 2099 915 2146 causarum
940 2082 1135 2146 efficientium
1159 2079 1328 2142 diversita-

228 2196 288 2253 tem
312 2197 458 2271 apparent
485 2201 572 2268 (nam
597 2191 667 2254 illae
696 2209 788 2255 unum
817 2193 931 2256 babent
959 2192 1128 2255 subiectum
1158 2196 1326 2268 auctorem,

229 2317 319 2380 quum
350 2301 408 2363 bae
434 2301 552 2365 alienae
582 2301 772 2364 auctoritatis
803 2319 891 2382 opern
919 2301 1117 2382 requirant),
1149 2307 1196 2362 est
1223 2306 1327 2362 tamen

229 2410 360 2491 aliquid,
382 2412 412 2472 in
436 2430 496 2492 quo
520 2412 706 2473 conveniunt
729 2430 766 2474 ac
788 2412 954 2475 sociantur.
999 2412 1080 2474 ldem
1105 2417 1151 2473 est
1184 2410 1264 2472 enim
1295 2413 1327 2469 et

229 2519 309 2599 quod
333 2520 397 2601 agit
429 2526 457 2582 et
483 2520 563 2599 quod
594 2521 705 2600 patitur
724 2521 915 2600 subiectum,
938 2521 988 2583 vel
1020 2538 1083 2583 non
1108 2519 1202 2581 modo
1235 2535 1327 2598 quum

228 2629 312 2709 agis,
337 2633 431 2690 tumet
454 2628 520 2707 ipse
543 2628 656 2710 agendi
679 2629 841 2692 consilium
868 2631 952 2710 capis
981 2637 1012 2692 et
1041 2628 1234 2708 exsequeris,
1266 2645 1327 2688 ve-

218 2739 295 2798 'rum
318 2737 408 2797 etiarn
436 2754 525 2817 quum
549 2737 650 2799 animo
674 2737 855 2818 imprimitur
884 2739 997 2818 aliquid
1026 2745 1098 2817 tuo,
1123 2738 1202 2800 idem
1227 2754 1261 2799 es
1282 2742 1326 2816 tu,
1426 2821 1428 2826 ,

229 2844 281 2924 qui
304 2844 557 2924 impressionibus
580 2847 795 2910 commoveris.
825 2848 871 2910 En
892 2847 987 2910 babes
1010 2849 1069 2910 iam
1092 2847 1172 2910 idem
1190 2846 1325 2908 omnium

228 2953 322 3016 animi
343 2953 537 3017 affectionum
559 2956 758 3036 principium,
779 2957 909 3020 eundern
933 2959 1067 3034 l'ontem,
1095 2958 1223 3020 eandem
1247 2971 1326 3018 cau-

225 3079 290 3126 sam
309 3063 339 3124 in
356 3063 450 3143 ipsius
468 3066 657 3128 conscientia
678 3069 738 3150 (epi
753 3077 830 3148 ego)
847 3067 986 3147 positam.
1015 3067 1226 3129 l’baenomena
1243 3065 1325 3128 enirn

227 3190 339 3252 perse
362 3173 558 3236 considerata
581 3174 664 3236 omni
689 3175 768 3238 adeo
793 3183 898 3239 carent
920 3176 1186 3253 substantialitate,
1210 3181 1242 3236 ut
1263 3175 1326 3236 sint

226 3295 310 3342 mera
338 3280 528 3358 accidentia,
561 3269 854 3362 quaequantumvis
884 3285 1014 3348 adaucta
1049 3291 1099 3347 aut
1130 3285 1324 3366 multiplicata

223 3403 375 3470 nunquam
404 3394 505 3450 tamen
537 3393 594 3452 aad
622 3395 777 3468 νουμὲνιυ
810 3394 956 3456 unitatem
986 3400 1206 3475 assequuntur,
1227 3367 1325 3454 'cuius

225 3493 298 3558 dant
331 3498 523 3561 solummodo
556 3501 772 3564 testimonium.
831 3504 890 3566 Sua
923 3505 1017 3585 igitur
1051 3504 1198 3583 cuiusque
1229 3501 1340 3582 ipsius,

225 3607 414 3670 conscientia
431 3614 485 3700 est
512 3609 645 3673 stabilita
668 3611 719 3673 illa
742 3630 800 3674 neo
823 3613 872 3674 vel
900 3614 1082 3676 labefactata
1114 3631 1246 3692 unquam
1272 3609 1323 3672 vel

228 3720 409 3777 commutata
440 3714 586 3780 fluxarum
612 3720 890 3784 manifestationum
912 3721 1019 3798 radix,
1044 3739 1151 3804 quam,
1189 3718 1327 3801 quisquis

226 3821 462 3904 philosophandi
485 3845 597 3908 resque
623 3846 662 3894 ex
683 3829 842 3912 principiis
864 3830 1023 3913 repetendi
1046 3850 1081 3894 se
1103 3830 1204 3894 studio
1228 3827 1326 3893 dede.

223 3931 272 4008 rit,
293 3938 366 4017 ¹post
388 3934 526 3997 actiones
548 3941 578 3998 et
600 3939 818 4019 perpessiones
842 3947 935 4020 ponat
956 3958 1087 4006 necesse
1109 3946 1164 4007 est.
1209 3939 1328 4016 Quan-

222 4039 333 4103 obrem
356 4040 415 4102 iam
440 4043 656 4124 consistentes,
681 4049 754 4128 quid
778 4048 817 4111 ad
833 4051 987 4114 eruendas
1005 4050 1152 4130 temporis
1173 4029 1326 4130 spatiique

220 4147 372 4211 notiones
391 4150 630 4232 profecerimus,
655 4156 752 4235 probe
773 4157 942 4226 videamus.

324 4254 360 4336 3)
383 4257 487 4324 Animi
506 4263 815 4344 manifestationibus,
841 4283 917 4346 quas
936 4281 1036 4345 neque
1054 4283 1206 4331 revocare
1228 4265 1268 4330 ad
1290 4283 1327 4332 se
