2910 4698
134 485 299 550 quaerens,
323 486 486 550 semperne
509 471 653 534 conscius
674 472 718 534 tui
740 472 846 550 fueris,
870 491 973 537 annon
989 474 1089 554 potius
1108 473 1146 535 ad
1161 491 1233 534 cer-

136 585 198 640 tum
221 579 313 641 modo
336 580 480 658 temporis
507 579 624 642 initium
645 580 786 647 recolere
817 584 994 645 memoriam
1026 583 1147 664 possis,
1172 600 1232 662 quo

135 687 247 766 subito,
272 694 302 751 te
327 693 357 752 et
374 689 563 769 imprudente
586 696 616 752 et
636 690 760 754 nolente
784 692 820 769 (i.
844 709 871 752 e.
893 697 963 754 ante
985 697 1065 754 luarn
1087 691 1238 754 volunta·

133 803 194 858 tem
219 803 250 858 et
270 797 386 878 absque
408 805 471 876 ea),
496 798 527 860 in
551 799 740 862 conscientia
764 805 792 862 te
814 800 945 879 positum
966 799 1231 880 deprehenderis?

134 906 227 969 Cuius
249 905 295 967 rei
318 923 467 985 quaenam
491 905 549 968 alia
573 925 643 970 esse
664 923 756 970 causa
781 914 890 987 potest,
917 925 1005 988 quam
1021 907 1229 988 quodanimo,

134 1015 237 1078 linitae
261 1015 400 1078 terranis
430 1022 558 1078 naturae
580 1017 833 1096 circumscripto,
865 1015 966 1079 alieno
997 1035 1072 1097 opus
1103 1023 1149 1079 est
1172 1016 1232 1078 im-

135 1123 240 1205 pulsu,
262 1141 321 1206 quo
345 1123 465 1188 demum
493 1123 643 1188 excitatus
665 1126 827 1206 reciproca
850 1125 1015 1189 voluntatis
1043 1126 1072 1187 vi
1099 1143 1232 1205 respon-

135 1233 230 1296 deat?
274 1233 465 1314 Quapropter
475 1234 505 1296 si
525 1233 615 1312 prius
639 1235 676 1297 ad
698 1235 888 1298 reaclionem
908 1234 1089 1297 sollicitatur
1109 1240 1140 1296 el
1159 1235 1233 1313 post

133 1343 252 1426 roagit,
278 1360 367 1422 quarn
390 1343 520 1422 impulsu
548 1361 582 1406 se
607 1343 699 1406 ictum
725 1345 833 1422 sentit,
864 1349 1004 1424 apparet,
1037 1343 1169 1404 numum
1198 1342 1231 1404 in

131 1450 234 1530 primo
252 1449 314 1512 iam
336 1451 487 1514 essentiae
505 1453 547 1514 ad
566 1452 757 1513 existentium
776 1453 1020 1533 transgressione
1036 1453 1230 1531 temporalem

133 1579 167 1622 se
199 1566 382 1640 proestare,
418 1561 560 1642 quoniam
590 1562 777 1642 receptionis
814 1563 1040 1643 reactionisque
1074 1561 1230 1624 successio
1305 1594 1311 1604 ·

134 1670 197 1749 illa,
218 1670 303 1734 salva
324 1671 407 1733 linita
430 1672 522 1734 animi
544 1679 662 1751 natura,
685 1673 753 1735 sine
769 1672 875 1733 ordine
897 1672 1055 1751 temporali
1076 1672 1125 1736 vel
1141 1672 1229 1734 dein-

134 1799 205 1858 ceps
224 1781 326 1860 aliquo
348 1781 465 1858 (einem
488 1782 741 1862 Naobeinander)
762 1800 820 1844 nec
841 1783 973 1865 cogitari
997 1801 1054 1844 nee
1077 1801 1148 1846 esse
1169 1800 1230 1864 po-

132 1895 200 1951 test.
257 1889 331 1952 Nam
367 1893 416 1955 lac
449 1892 598 1955 sublatam
631 1911 702 1955 esse
739 1891 818 1954 bano
858 1892 1107 1971 successionem,
1145 1893 1227 1974 quid,

133 2016 260 2078 quaeso,
282 2000 395 2064 valebit
418 1999 575 2081 impulsus,
600 2021 639 2064 ex
661 2019 720 2081 quo
745 2002 862 2064 reactio
885 2019 946 2063 non
969 2001 1105 2082 pendet?
1129 2001 1230 2076 Ouid-

131 2126 190 2188 que
212 2110 363 2186 obstabit,
389 2109 568 2188 quominus
591 2109 726 2186 animus,
758 2111 897 2171 omnibus
930 2110 1075 2172 liberatus
1105 2110 1226 2188 linibus,

69 2304 72 2308 ,
129 2238 184 2283 sua
207 2237 242 2283 se
263 2217 414 2302 reagendi
442 2217 491 2280 vel
521 2217 635 2280 rectius
664 2218 778 2299 agendi
807 2217 950 2281 facultate
977 2218 1229 2280 inexistentiam

99 2404 102 2410 ,
130 2329 271 2407 inducat,
300 2329 393 2390 immo
415 2345 491 2390 vero
514 2327 606 2391 ullum
629 2332 721 2408 neget
745 2311 815 2390 esse
837 2327 917 2389 vitae
937 2345 1012 2388 suae
1043 2326 1225 2389 exordium?

129 2437 246 2501 Eodem
268 2436 357 2517 plane
379 2437 485 2520 urgeri
508 2441 538 2499 te
569 2436 809 2515 animadvertis,
833 2455 911 2516 quo,
936 2436 986 2516 qui
1016 2436 1254 2516 impressionis,

131 2546 345 2609 necessitatem
369 2551 493 2626 negant,
516 2544 655 2626 repulsos
678 2561 712 2607 se
735 2544 849 2606 vident.

225 2655 331 2735 Neque
351 2670 427 2716 vero
448 2654 545 2733 prima
573 2657 687 2715 tantum
709 2652 801 2714 animi
832 2651 987 2715 distinctio
1009 2669 1035 2714 s.
1057 2671 1097 2714 ex
1117 2650 1228 2715 indela-

129 2767 192 2826 nita
215 2765 348 2827 essentia
380 2764 521 2846 egressio
551 2769 668 2844 tempus
700 2763 841 2840 exbibet,
867 2763 922 2826 sed
952 2779 1054 2824 ornnes
1084 2761 1225 2842 deinceps

131 2871 347 2948 receptioitatis
369 2877 398 2930 et
418 2872 650 2948 spontaneitotis
671 2871 862 2933 incitationes
885 2873 1079 2950 actionesque
1098 2871 1129 2932 in
1150 2879 1226 2934 tem·

128 2996 207 3059 pore
228 2978 312 3056 finnt.
355 2977 473 3040 Nullam
498 2979 578 3040 enim
605 2979 707 3039 animo
732 2979 915 3056 percipimus
939 2979 1140 3056 voluptatem,
1167 2977 1226 3040 do-

129 3089 237 3165 lorem,
261 3085 506 3164 commotionem,
531 3085 643 3147 nullam
667 3084 897 3166 complectimur
920 3086 1150 3166 cogitationem,
1174 3087 1224 3147 in-

130 3199 295 3261 tentionem
326 3195 496 3275 mentisque
525 3193 792 3272 informationem,
817 3193 876 3255 nisi
906 3199 997 3254 antec
1018 3194 1067 3257 vel
1096 3200 1223 3258 externa

128 3307 223 3382 (be.
248 3306 440 3367 extrinsecus
471 3304 625 3384 prolecta]
657 3303 706 3367 vel
736 3304 854 3366 interna
884 3305 930 3379 (b.
954 3322 1021 3366 ee
1053 3303 1224 3382 suiipsius
1280 3343 1284 3352 ·

131 3416 222 3479 animi
244 3414 323 3476 ideis
348 3418 470 3490 exorta)
496 3413 655 3492 impressio
686 3414 836 3475 rationem
868 3411 1006 3474 affecerit
1042 3418 1072 3474 et
1101 3412 1139 3472 ad
1169 3430 1223 3486 re-

130 3524 282 3607 agendum
305 3524 436 3586 animum
462 3519 650 3601 compulerit.
701 3520 787 3583 Unde
811 3539 901 3600 quum
923 3519 1054 3601 liqueat,
1083 3519 1165 3584 nullo
1189 3539 1223 3584 se

129 3633 284 3714 explicare
306 3636 395 3712 pacto
418 3631 548 3693 animum
570 3646 673 3710 posse,
698 3628 758 3690 nisi
777 3647 836 3706 per
848 3629 1010 3708 facultates
1026 3628 1125 3691 ordini
1147 3636 1223 3692 tent-

125 3741 229 3820 poroti
248 3739 416 3820 subiectos,
438 3739 636 3820 intelligitur,
667 3744 783 3816 tempus
813 3755 881 3798 esse
911 3737 1040 3798 uiuentis
1071 3739 1164 3800 animi
1195 3757 1221 3802 s.

32 3916 35 3932 Ι
130 3849 222 3911 antimi
238 3849 515 3927 praenominum
534 3847 781 3924 postulationem,
804 3864 871 3907 esse
890 3847 1021 3926 formum
1043 3830 1222 3909 existentiae

131 3959 202 4020 τοῦ
225 3960 305 4037 noi,
329 3953 441 4032 τάξει
460 3961 487 4034 ⁹)
511 3975 545 4016 se
562 3953 793 4034 manifestantis.

150 4183 166 4240 s
228 4207 258 4276 9)
277 4208 356 4258 Arist.
371 4204 461 4275 Categ.
477 4205 525 4258 Vl:
547 4205 629 4260 aidi
647 4202 679 4258 ari
694 4206 747 4280 ,τοῦ
763 4205 870 4277 χρόνον
890 4206 971 4258 θέσιν
990 4203 1046 4270 ἔχει
1067 4237 1072 4250 .
1094 4235 1099 4250 .
1122 4235 1126 4248 .
1148 4195 1216 4252 cinnat

126 4304 233 4378 μᾶλλον
255 4301 356 4364 rdine
374 4303 445 4360 arrd.
