2910 4698
556 317 767 377 ..29-

104 477 246 552 abducto
271 508 420 572 corpore,
444 509 624 571 remanere,
653 491 727 554 nihil
755 493 866 555 diutius
890 489 1071 556 offensionis
1092 492 1212 557 lrabeat.

103 598 184 661 Vult
206 600 285 661 enim
308 600 368 663 hoc
390 602 549 682 indicare,
573 603 693 680 locum,
725 603 861 682 quamvis
892 602 971 664 adeo
997 621 1064 666 curn
1087 604 1213 666 materia

111 709 320 789 coniunctum,
341 717 374 772 ut
399 713 515 791 absque
537 729 573 774 ea
605 731 676 775 esse
702 717 849 792 nequeat,
869 719 970 775 tamen
995 731 1062 775 curn
1084 712 1213 798 singulis

106 819 183 882 loco
215 820 304 882 motis
327 821 507 901 corporibus
529 821 618 884 simul
640 839 702 883 non
723 821 849 884 moveri.
900 820 987 896 Quod
1012 826 1111 885 autem
1130 822 1214 902 dicit,

104 979 194 1046 liquet
212 979 294 1044 ipsius
318 977 358 1030 his
380 978 480 1031 verbis:
502 981 544 1033 ἔτι
561 957 640 1052 τόπερ
659 981 717 1032 ἐστὶ
740 973 871 1051 στόματός
890 947 1040 1040 educendi
1054 981 1145 1051 χώρα,
1168 981 1214 1048 dp·

104 1071 205 1131 λόνότι
224 1079 270 1129 καὶ
293 1078 473 1146 ἐπιφανείας,
492 1080 540 1129 καὶ
557 1080 613 1132 τοῖν
633 1075 741 1130 λοιπῶν
755 1076 910 1146 περάτων.
934 1115 940 1128 .
962 1113 968 1126 .
989 1071 1056 1129 α’λλὰ
1074 1069 1131 1148 μὲν
1151 1077 1214 1131 dtu-

106 1165 213 1244 φορόν
233 1169 368 1243 αι’·όεμίαν
389 1175 491 1244 ἔχομεν
510 1175 627 1245 στιγμῆς
648 1178 696 1226 καὶ
710 1173 796 1228 τόπον
814 1175 941 1244 στιγμῆς.
979 1170 1002 1226 ὦ
1010 1175 1056 1226 στ’
1079 1176 1110 1226 εἰ
1126 1173 1213 1244 μηδὲ

105 1270 245 1337 ταύτης
263 1272 364 1325 ἐστὶν
385 1271 398 1324 ό
419 1269 535 1330 τόπος
556 1271 693 1340 ἕτερος,
725 1269 810 1323 οὐδὲ
829 1269 897 1323 τιόν
919 1267 1032 1322 ἄλλων
1055 1262 1215 1328 οὐθενός

108 1366 186 1419 edd'
212 1369 298 1420 ἐστι
322 1384 355 1418 τι
383 1369 460 1434 παρ’
488 1366 645 1420 ἕκαστον
668 1365 804 1419 τούτων
831 1363 846 1418 ό
873 1364 984 1423 τόπος
1010 1361 1066 1432 (Ν,
1086 1366 1121 1434 1).
1165 1363 1215 1416 Sed

24 1481 29 1486 ·
107 1462 239 1513 obiecerit
258 1462 369 1513 fortasse
390 1461 502 1529 aliquis,
523 1459 608 1511 locum
628 1460 707 1527 Phys.
727 1460 769 1514 lv.
791 1477 813 1512 c.
828 1463 853 1512 l:
876 1458 919 1515 ὅτι
936 1464 991 1534 μέν
1010 1463 1072 1516 ἐστί
1090 1460 1148 1516 τιό
1167 1461 1215 1516 τό-

107 1577 173 1622 πος,
192 1550 273 1629 παρὰ
293 1549 327 1611 τό
342 1559 470 1631 σώματα,
491 1562 537 1610 καὶ
556 1557 614 1610 πᾶν
634 1558 716 1628 σῶμα
730 1551 869 1622 αἰσθητόν
887 1558 917 1609 ἐν
935 1557 1020 1626 τόπῳ,
1042 1551 1090 1610 dtu}
1108 1558 1215 1614 τούτων

108 1655 150 1710 ἄν
170 1673 209 1712 τις
228 1654 376 1726 ὑπολάβοι.
415 1653 529 1716 δόξειε
556 1656 580 1708 d
606 1651 651 1709 όν
678 1652 927 1713 καὶἩοιοόος
949 1651 1073 1725 ὀρθῶς
1092 1655 1215 1725 λέγειν

108 1751 237 1814 ποιήσας
255 1741 370 1821 πρῶτον
388 1742 420 1804 τό
436 1749 517 1820 χάος.
556 1753 632 1822 λέγει
654 1753 724 1819 γοῦν

109 1847 259 1912 „Hilarem
271 1847 324 1916 μὲν
340 1842 486 1916 πριότιστα
501 1847 572 1916 χόος
592 1851 678 1917 γένετ’
693 1835 784 1915 οἷοτόρ
803 1846 899 1897 ἔπειτα
920 1848 980 1898 Γαῖ’
1000 1845 1213 1916 εόρόστερνος.“

110 1943 158 2004 ὥς
178 1941 257 1998 dior
276 1947 418 2015 προῖτον
439 1941 600 2012 ὑπάρξαι
623 1941 746 2013 χώραν
771 1951 849 2000 τοῖς
881 1937 983 2007 οὖσι,
1009 1937 1056 1997 διὰ
1076 1938 1107 1996 τό
1129 1948 1214 2012 νομί-

110 2042 188 2103 ζειν,
218 2037 314 2109 ὥσπερ
346 2041 375 2092 οἱ
396 2039 507 2102 πολλοὶ,
532 2031 627 2093 πάντα
653 2037 730 2092 εἶναί
745 2057 800 2091 που
820 2042 867 2090 καὶ
887 2041 917 2091 ἐν
938 2036 1023 2109 τόπῳ.
1063 2042 1088 2091 ei
1108 2039 1133 2091 δ’
1155 2041 1214 2094 ἐστὶ

111 2137 252 2200 τοιοῦτον,
273 2133 424 2208 θαυμαστή
451 2154 492 2195 τις
522 2133 558 2190 ἂν
581 2139 622 2200 εἴη
652 2131 666 2201 ἦ
689 2137 738 2187 τοῦ
762 2129 849 2188 τόπου
877 2132 1001 2205 όόναμις
1025 2137 1072 2188 aci
1092 2135 1215 2205 πρότεροι

110 2231 244 2288 πόντων·
283 2223 316 2286 οὗ
335 2228 390 2305 γὰρ
412 2231 479 2287 ἄνευ
499 2234 555 2286 τοῖν
583 2230 673 2284 ἄλλων
697 2230 781 2286 οὐδέν
805 2233 891 2292 ἐστιν,
912 2231 1002 2284 ἐκεῖνο
1023 2230 1046 2281 d'
1070 2229 1137 2285 ἄνευ
1158 2232 1214 2284 τιῦν

114 2329 218 2395 ἄλλων,
240 2327 348 2401 ἀνάγκη
369 2334 483 2400 πρῶτον
504 2329 592 2386 εἶναι·
618 2328 656 2383 oti
673 2321 743 2399 γόρ
765 2323 965 2384 ἀπόλλυται
983 2325 997 2381 ό
1017 2326 1128 2386 τόπος
1146 2331 1215 2384 teir

113 2431 151 2482 ἐν
173 2427 266 2499 αὐτῷ
285 2426 559 2498 φθειρομένων.
597 2423 670 2476 Unde
686 2439 738 2474 nort
758 2423 851 2474 desunt
870 2423 913 2489 qui
933 2421 1066 2489 colligant,
1084 2422 1214 2474 Aristote.

107 2525 161 2575 lem
180 2523 304 2586 Hesiodo,
324 2522 413 2585 cbaos,
435 2521 503 2589 quod
519 2521 585 2571 idem
606 2534 665 2570 esse
683 2535 714 2570 ac
736 2519 821 2570 locum
845 2519 937 2570 asserit
960 2520 1007 2590 (cl.
1028 2534 1094 2586 quae
1113 2519 1161 2570 bac
1183 2519 1215 2570 de

106 2635 138 2670 rc
158 2619 323 2670 doctissimus
341 2616 465 2668 iudicavit
483 2623 553 2666 etex
572 2616 650 2667 variis
665 2614 773 2684 collegit
788 2614 894 2666 scholiis
904 2613 1074 2665 Brundisina:
1096 2612 1215 2665 (iniecit.-

111 2716 185 2768 libm.
207 2714 304 2768 Philus.
325 2714 345 2766 l.
367 2713 421 2765 Tiri.
442 2729 467 2780 p.
488 2714 529 2766 tt.
561 2730 585 2765 tt.
605 2718 655 2783 c),
685 2721 745 2764 ante
763 2728 805 2764 res
830 2726 919 2763 omncs
940 2711 990 2762 iam
1014 2711 1145 2761 exstitisse
1166 2727 1213 2761 ca-

108 2811 191 2874 nenti,
211 2808 362 2876 adstipulari
381 2809 458 2876 eique
485 2810 670 2860 assentientem
689 2809 815 2872 credere,
835 2807 920 2858 locum
947 2815 972 2858 et
991 2805 1101 2858 mirabili
1122 2806 1214 2858 admo-

109 2906 169 2956 dum
189 2906 215 2955 vi
236 2905 378 2972 praeditum
407 2921 465 2955 csse
492 2912 519 2954 et
537 2921 622 2956 rerum
648 2906 818 2956 universitate
843 2906 956 2970 priorem
980 2904 1212 2971 antiquioremque.

109 3002 145 3052 At
164 3001 208 3066 qui
228 2999 280 3050 tale
298 2999 361 3069 quid
393 2999 501 3050 axillis
530 2997 616 3049 verbis
648 2999 765 3049 eliciunt
784 3001 863 3067 (inter
888 3013 952 3065 quos
972 3000 1113 3064 praecipue
1132 2997 1162 3050 0.
1183 2997 1211 3049 F.

113 3095 260 3162 Grnppius:
280 3094 466 3162 Wendepunltt
486 3094 532 3144 der
549 3093 647 3144 Philos.
675 3093 710 3143 im
730 3093 799 3145 xlx.
818 3091 906 3144 Jabrh.
926 3091 1014 3143 Berlin
1041 3091 1130 3159 1834),
1150 3108 1213 3144 eon·

111 3201 150 3245 tra
169 3193 311 3260 principem
330 3190 550 3257 interpretationis
577 3189 693 3256 regulam
713 3197 823 3256 peccant
849 3189 946 3257 quippe
964 3188 1088 3239 orationis
1120 3205 1213 3240 nerum

111 3289 354 3356 praetermittentes.
392 3285 450 3338 lilic
464 3287 532 3338 enirn
546 3284 701 3338 Aristoteles
723 3285 747 3336 id
767 3286 830 3353 agit,
849 3293 877 3336 ut
895 3285 1017 3354 negativo
1038 3284 1147 3353 quodum
1169 3300 1213 3335 ar·

111 3393 234 3452 gumento
252 3383 337 3435 locum
360 3399 418 3435 esse
437 3359 579 3434 confirmet.
601 3382 763 3450 Quapropter
790 3397 878 3433 eorum
899 3382 961 3432 lacit
980 3382 1146 3443 mentionem,
1168 3382 1211 3447 qui

110 3480 139 3536 τὸ
161 3479 243 3538 κενόν
262 3496 308 3549 pro
327 3480 385 3532 loco
407 3480 529 3544 habuere,
549 3479 616 3530 unde
635 3478 811 3546 intelligatur,
834 3477 920 3528 locum
939 3486 965 3527 et
984 3491 1042 3526 esse
1062 3483 1087 3526 et
1109 3484 1213 3543 praeter

84 3576 88 3582 ’
110 3594 219 3647 corpora
240 3579 360 3630 existere.
400 3576 593 3640 Quibusdictis
614 3576 788 3641 supracitato
810 3572 868 3624 loco
891 3573 928 3624 ita
950 3573 1044 3639 pergit,
1067 3579 1145 3623 ulex
1165 3587 1213 3623 eo-

111 3693 166 3728 rum
193 3677 338 3744 opinione,
360 3675 403 3742 qui
423 3689 532 3726 vacuum
555 3671 713 3736 statuerint,
744 3669 849 3721 Hesiodi
880 3669 1058 3720 auctoritatem
1084 3668 1212 3734 adhibeat,

112 3775 209 3841 quippe
228 3773 271 3841 qui
291 3767 323 3827 τό
338 3771 411 3842 χόος
429 3787 447 3822 s.
470 3760 501 3825 τό
521 3761 603 3824 κενόν
629 3767 803 3819 antecessisse
826 3765 912 3816 mundi
939 3765 1144 3818 aedificationem
1163 3781 1213 3817 ra·

111 3869 231 3921 ticinatus
252 3870 294 3934 sit,
314 3877 394 3936 utque
413 3867 489 3918 buius
509 3865 585 3918 linem
606 3864 704 3916 iaciens
726 3863 956 3931 argumentationis
978 3861 1105 3928 lateatne,
1125 3864 1148 3914 si
1167 3879 1213 3914 ec-

111 3983 168 4017 ratm
187 3974 251 4018 esset
271 3963 335 4016 illud
356 3971 448 4014 cuneta
468 3961 625 4013 antecedens
644 3961 764 4027 spatium,
784 3959 847 4010 mira
867 3959 985 4027 proiecto
1002 3962 1070 4027 p'oret
1088 3958 1137 4026 (όν
1159 3959 1211 4021 etp)

112 4063 190 4129 spatii
206 4063 246 4114 vis
268 4060 439 4128 omnibusque
460 4059 538 4126 prior.
575 4057 630 4108 lloc
648 4065 733 4108 autem
761 4055 915 4123 longissime
933 4056 964 4107 ab
985 4052 1132 4106 Aristotelis
1153 4050 1209 4101 dis-

112 4157 206 4209 cedere
233 4159 362 4210 scatentia
394 4163 497 4225 praeter
523 4153 575 4205 loci
605 4162 721 4206 tenorem
750 4155 885 4205 innumera
911 4150 1026 4204 eiusdem
1057 4146 1114 4199 libri
1135 4146 1210 4198 elicta

113 4252 232 4321 probant,
252 4270 266 4305 e
285 4254 378 4324 quibus
397 4268 507 4306 vacnum
528 4250 702 4321 quodcunque
721 4248 884 4303 intervallum
904 4245 1041 4299 eonllctmn
1055 4257 1114 4294 esse
1133 4243 1209 4294 erin·

113 4349 188 4408 citur.
