2910 4698
692 251 897 312 ..64-

243 431 447 506 evanescant,
471 432 503 491 ut
524 427 624 508 potius
644 429 766 510 propria
788 429 861 492 hant
883 428 1012 491 subiecti
1034 427 1173 510 adeoque
1194 426 1335 492 sensibus

239 535 459 616 informentur,
486 539 589 634 uisui
611 537 773 620 imaginem
798 557 833 600 ac
865 539 998 620 speciem
1030 538 1213 619 relinquant.
1271 537 1330 598 fam

241 663 328 724 vero,
349 664 427 726 quae
452 647 484 709 in
506 646 700 728 immediatis,
726 655 759 710 ut
785 649 825 710 ita
849 648 957 727 dicam,
980 647 1228 729 perceptionibus
1250 645 1333 708 refe-

238 755 328 818 rendi
349 757 428 819 ratio
452 757 613 820 adhibetur
624 764 685 836 ²⁰),
713 777 780 820 eam
802 757 970 820 subiectum
991 775 1030 819 ne
1053 754 1243 818 immediatis
1264 754 1333 835 qui-

241 864 308 928 dem
331 865 531 930 intermittere
555 873 665 948 potest,
690 885 801 948 quaee
823 868 992 931 visionibus
1015 867 1150 932 externis
1171 865 1330 942 oriundae,

237 973 427 1056 pulsionibus
463 975 576 1055 finitis,
612 977 643 1038 in
679 977 824 1040 memorio
855 982 1076 1040 remanserunt.
1132 976 1207 1040 Nam
1243 989 1331 1057 quum

239 1089 363 1164 propter
385 1103 525 1166 magnam
549 1086 776 1165 perceptionum
802 1093 832 1150 et
857 1087 1075 1149 multitudinem
1100 1092 1130 1150 et
1152 1084 1329 1147 varietatem

237 1193 304 1256 fieri
328 1200 477 1274 nequeat,
500 1194 572 1275 quin
593 1214 690 1278 aeque
722 1197 865 1260 diversae
892 1215 993 1260 rerum
1017 1201 1229 1278 perceptarum
1257 1193 1334 1256 ima-

238 1303 328 1386 gines
349 1311 535 1385 appareant,
557 1306 733 1369 necessaria
758 1313 804 1369 est
826 1306 876 1370 fex
898 1305 1064 1381 individui,
1087 1306 1211 1369 reiectis
1235 1305 1333 1387 impa-

237 1412 333 1489 ribus,
359 1413 443 1494 paria
468 1431 536 1475 cum
558 1415 681 1494 paribus
697 1415 907 1479 consociandi.
951 1416 1012 1478 Fac
1034 1415 1115 1479 enim
1137 1421 1167 1478 te
1189 1415 1220 1476 in
1244 1414 1330 1476 horto

238 1539 308 1585 asse
330 1522 431 1604 aliquo
454 1523 548 1586 variis
574 1523 735 1587 arboribus
758 1526 896 1604 consito,
921 1543 1024 1588 nonne
1044 1526 1165 1606 saepius
1189 1525 1331 1586 referen-

237 1630 288 1708 do,
318 1649 353 1694 ea
379 1631 559 1713 cogitationi
590 1633 788 1714 informabis,
817 1653 895 1715 quae
921 1634 971 1698 vel
1006 1635 1125 1698 cunctis
1157 1633 1328 1706 arboribus,

236 1738 285 1801 vel
311 1739 441 1820 singulis
465 1759 567 1804 earum
596 1742 756 1822 speciebus
779 1749 848 1806 sunt
878 1743 1072 1806 communia?
1123 1741 1264 1816 Quodsi
1290 1742 1330 1803 ita

237 1854 293 1926 est,
316 1848 375 1910 iam
396 1850 595 1930 perspicitur,
616 1868 794 1929 processum
816 1852 881 1915 fieri
915 1853 1044 1932 aliquem
1079 1850 1236 1936 cogitandi
1265 1851 1330 1913 sive

235 1954 452 2033 abstrahendi,
482 1965 529 2036 ut,
564 1961 694 2050 secretis
718 1961 847 2042 singuiis
884 1961 1050 2044 imaginum
1085 1980 1121 2023 ac
1156 1960 1329 2041 specierum

236 2065 470 2146 discrepantiiS,
492 2069 682 2132 communior
704 2088 824 2151 semper
845 2071 948 2152 imago
968 2071 1035 2133 sive
1055 2070 1178 2133 schemo
1199 2069 1332 2150 effinga-

236 2182 299 2253 tur,
323 2177 393 2255 cui,
417 2195 615 2259 quaecunque
646 2179 775 2260 aliquam
801 2199 868 2242 cum
893 2197 931 2242 eo
963 2178 1191 2242 similitudinem
1220 2179 1330 2257 ferant,

234 2285 435 2348 subiiciantur
457 2287 639 2365 (subsumirt
661 2287 813 2368 werden).
859 2289 892 2350 tn
920 2306 978 2368 qua
1002 2287 1183 2352 conferendi
1205 2293 1235 2350 et
1256 2287 1332 2350 sub·
1433 2291 1434 2300 ³

234 2394 360 2456 iiciendi
388 2395 532 2458 facultate
557 2414 647 2459 nerno
678 2397 818 2477 profecto
851 2415 912 2459 non
944 2396 1029 2460 videt
1062 2385 1197 2478 apertum
1224 2395 1330 2458 iudicii

233 2503 443 2584 primordium,
466 2521 644 2583 quamquam
667 2505 812 2586 psychica
837 2505 994 2588 cogitatio,
1020 2506 1050 2565 in
1073 2503 1263 2566 obiectorum
1279 2504 1330 2565 in-

233 2611 360 2675 tuitione
382 2611 523 2690 confixa,
549 2612 710 2693 imaginem
733 2631 878 2692 superare
907 2613 1021 2693 nequit.
1074 2612 1223 2674 Animans
1246 2612 1329 2674 enim

234 2737 305 2781 suas
324 2721 390 2783 sive
420 2719 557 2801 singulas
590 2722 656 2784 sive
679 2721 870 2783 universales
896 2721 1064 2802 imagines,
1094 2720 1124 2782 h.
1149 2739 1176 2783 e.
1206 2721 1328 2783 obiecta

234 2845 306 2906 sua,
341 2828 448 2891 iterum
470 2846 532 2889 non
559 2836 660 2909 potest
690 2831 884 2912 cogitationis
914 2849 988 2894 suae
1018 2831 1169 2892 obiectum
1195 2830 1329 2892 facere:

233 2938 314 3000 unde
336 2938 481 3018 sequitur,
503 2944 536 3001 ut
556 2940 759 3021 cogitationes
780 2959 797 3001 a
820 2942 973 3002 concretis
995 2937 1124 3002 obiectis
1145 2939 1186 3000 ita
1202 2938 1333 3000 abscin-

234 3047 308 3110 dere
329 3055 470 3128 nequeat,
491 3055 542 3127 ut,
565 3050 665 3128 posito
688 3051 771 3112 omni
792 3050 935 3132 imaginis
957 3049 1112 3130 vestigio,
1136 3066 1229 3129 purus
1255 3066 1330 3109 con·
1431 3061 1432 3132 ᾗ

232 3163 336 3234 ceptus
356 3175 381 3218 s.
401 3157 483 3218 notio
508 3158 554 3220 rei
579 3157 739 3238 (Begriff),
763 3157 801 3220 de
824 3176 881 3238 qua
903 3176 994 3238 supra
1019 3157 1079 3219 iarn
1105 3157 1287 3236 disputatum
1312 3175 1331 3218 a
1431 3151 1432 3168 ¹

232 3263 321 3324 nobis
345 3269 392 3325 cst
418 3272 464 3341 (ς.
489 3265 517 3326 7.
541 3282 570 3324 n.
595 3265 630 3340 6)
660 3265 798 3344 prodeat.
853 3266 989 3346 Namque
1018 3266 1097 3328 haec
1128 3254 1181 3327 nbi
1214 3265 1331 3343 existit,

232 3371 360 3435 liberum
388 3377 434 3434 est
465 3373 556 3434 animi
587 3373 777 3452 principium,
809 3374 910 3454 quod,
944 3380 1118 3456 perpetrata
1151 3375 1199 3436 sui
1231 3375 1331 3455 ipsius

233 3479 441 3559 distinctione,
462 3481 562 3543 omnia
586 3482 674 3544 etiam
699 3482 757 3544 alia
780 3483 915 3564 cogitata
939 3488 970 3545 et
988 3482 1198 3562 phaenomena
1219 3482 1250 3543 in
1264 3482 1333 3544 suis

233 3588 494 3669 comprehendere
534 3590 640 3652 formis
682 3590 798 3671 hasque
840 3589 1071 3672 componendo,
1108 3591 1331 3672 disiungendo,
1430 3593 1431 3600 ’

228 3698 429 3777 permutando
457 3698 496 3760 ita
519 3698 665 3762 adhibere
688 3706 803 3780 potest,
827 3707 859 3762 ut
878 3717 1004 3780 prorsus
1033 3716 1113 3761 nova
1136 3699 1258 3762 eveniat
1281 3699 1335 3762 al-

229 3805 349 3884 tiorque
379 3805 535 3888 cogitandi
564 3807 653 3869 ratio.
708 3807 803 3888 fgitur
831 3807 949 3869 animus
978 3809 1069 3887 quum
1100 3806 1256 3869 schemata
1289 3808 1335 3870 ad

231 3913 365 3976 notionis
389 3914 567 3997 dignitatem
589 3916 748 3996 perducit,
773 3916 851 3978 adeo
875 3921 1002 3978 naturae
1026 3914 1155 3978 inservit
1177 3933 1332 3996 suamque

231 4071 525 4084 —m

337 4164 384 4232 20)
405 4165 473 4216 inter
491 4171 640 4232 perceptam
660 4165 779 4216 nimirum
798 4180 868 4230 rem,
888 4163 1083 4232 perceptionem
1101 4163 1183 4231 ipsam
1205 4179 1236 4216 ae
1260 4164 1333 4216 sub-

228 4257 324 4311 iectum
343 4258 412 4328 quod
431 4260 551 4327 percipit.
