2910 4698
655 263 866 324 ...72-

214 441 305 508 stulet
326 459 388 505 nan
421 445 610 504 emanentem
639 438 695 503 sed
727 444 887 500 creantem.
939 437 970 502 Si
997 429 1097 501 autem
1129 434 1308 500 creatricem

215 554 334 616 animus
355 550 556 612 substantiam
576 549 746 612 absolutam
769 549 903 631 cogitat,
927 553 973 612 est
1000 548 1078 611 haec
1094 547 1178 610 Dens
1194 567 1307 628 perso.

212 662 293 726 nelis
311 680 337 724 s.
360 659 524 738 suiipsius
550 659 735 722 conscientia
753 658 921 737 praeditas.
974 658 1077 738 ltaque
1102 657 1162 721 iam
1183 655 1310 740 gravis-

212 773 299 850 sima,
323 771 354 838 in
377 787 434 850 qua
458 769 553 832 corda
577 767 664 830 huius
687 768 793 849 capitis
816 767 954 844 vertitur,
977 767 1115 846 quaestio
1138 767 1303 844 suboritur,

215 896 365 962 quaenam
387 879 427 942 sit
446 878 503 940 Dei
528 878 590 939 vite
616 879 664 940 vel
687 878 733 940 sui
765 876 860 958 ipsius
883 875 1097 938 manifestatio.
1142 874 1309 938 Absolutac

213 991 273 1055 fert
294 988 482 1052 substantiae
503 991 628 1064 natura,
653 992 686 1047 ut
714 985 907 1049 existentiam
936 985 1191 1064 (conscientiam)
1222 1003 1308 1048 suam

202 1099 273 1162 sibi
295 1097 352 1178 ipsi
376 1096 495 1158 debeat.
540 1094 626 1156 Unde
648 1095 800 1175 sequitur,
825 1094 921 1158 Deum
945 1112 1097 1178 uunquam
1120 1093 1308 1158 indefinitum

211 1207 326 1284 fuisse,
348 1206 403 1268 scd
425 1205 462 1267 ab
486 1204 567 1266 omni
589 1205 769 1266 aeternitate
791 1204 869 1267 adeo
898 1205 928 1265 in
952 1204 1072 1284 definita
1092 1222 1151 1283 per
1178 1222 1212 1265 se
1236 1204 1307 1266 eai-

211 1313 322 1377 stentia
345 1331 415 1377 esse
437 1320 601 1392 versatum,
624 1319 657 1375 ut
674 1312 753 1375 haec
776 1329 843 1374 cum
865 1312 1001 1375 absoluta
1025 1314 1159 1376 essentia
1180 1330 1307 1393 prorsus

212 1423 384 1487 conveniat.
431 1422 516 1496 Quae
544 1423 570 1484 si
603 1428 759 1499 tenemus,
796 1421 920 1484 difficile
949 1404 1010 1485 non
1042 1423 1117 1501 erit,
1149 1422 1308 1486 absolutae

212 1533 393 1598 existentiae
418 1533 538 1595 modum
560 1533 707 1594 indicare.
754 1532 881 1594 Constat
903 1532 982 1594 inter
1002 1550 1069 1611 nos,
1095 1533 1173 1595 entis
1195 1533 1303 1596 cuius-

211 1643 259 1706 vis
283 1642 558 1705 manifestationem
581 1641 612 1702 in
642 1640 814 1704 evolvenda
844 1640 995 1722 principio
1025 1642 1195 1704 consistere
1222 1643 1251 1704 h.
1278 1661 1305 1704 e.

210 1750 418 1830 inpositione
443 1751 609 1831 (Selnung)
634 1749 758 1827 obiecti,
780 1743 835 1829 per
857 1749 938 1829 quod
962 1750 1130 1812 subiectum
1153 1751 1201 1812 sui
1227 1768 1308 1813 can-

210 1860 307 1922 scium
330 1859 389 1923 fiat.
442 1860 526 1933 Quae
560 1859 682 1940 quidem
716 1859 767 1922 lex
798 1863 831 1920 ut
865 1859 1095 1940 circumscripte
1127 1859 1164 1922 ab
1200 1859 1307 1922 mundi

210 1969 395 2033 substantias
417 1969 567 2048 pertinet,
592 1969 639 2030 sic
662 1967 802 2028 absoluta
823 1969 943 2031 ratione
974 1969 1004 2029 in
1026 1969 1084 2031 Dei
1112 1969 1307 2031 existentiam

210 2076 348 2159 quadrat,
371 2091 449 2156 quae
471 2075 542 2138 ideo
566 2076 596 2137 in
620 2074 760 2138 absolata
784 2075 893 2137 obiecti
911 2076 1063 2154 positione
1079 2078 1226 2140 consistat
1245 2095 1307 2141 ne-

209 2203 297 2248 cesse
322 2190 377 2246 est.
422 2184 489 2246 Hoc
512 2183 658 2246 obiectam
682 2203 721 2247 ex
743 2185 881 2248 absoluta
905 2185 960 2248 Dei
992 2184 1097 2247 indole
1125 2186 1165 2248 ita
1190 2204 1307 2249 neccs-

208 2296 292 2360 saria
315 2301 489 2375 comparata
512 2300 575 2372 est,
599 2299 633 2355 ut
654 2310 754 2373 neque
775 2295 911 2375 partibus
941 2301 1060 2357 constet
1088 2313 1188 2376 neque
1210 2297 1306 2360 meris

210 2405 327 2483 formis,
355 2405 463 2484 quippe
486 2422 563 2484 quac
583 2402 776 2465 relativitatis
799 2404 875 2481 sint,
899 2404 954 2466 sed
977 2403 1096 2482 eadem,
1119 2422 1179 2482 qno
1200 2404 1308 2467 sabie-

210 2520 302 2592 otam‚
326 2532 389 2574 ana
410 2519 440 2574 et
460 2511 600 2574 abacista
624 2510 796 2573 substantio
822 2513 1010 2592 perfruatur,
1055 2515 1130 2576 Nem
1166 2513 1225 2576 nisi
1256 2515 1307 2578 sic

210 2627 341 2701 statuas,
367 2639 430 2684 non
452 2621 547 2685 hebes
577 2621 716 2702 prolecta
741 2619 909 2682 absolutam
929 2622 986 2684 Dei
1007 2623 1101 2702 ipsius
1123 2623 1307 2687 manifesta-

212 2732 325 2793 tionem
354 2733 373 2792 i.
405 2749 431 2792 e.
465 2731 679 2793 immanentem
713 2731 955 2808 emanationem,
988 2749 1045 2812 qua
1079 2728 1111 2793 τὰ
1138 2724 1216 2794 elma
1245 2734 1307 2796 Dei

208 2839 328 2920 penitus
351 2839 526 2918 absorptum
550 2845 605 2900 est.
656 2839 717 2901 lam
738 2857 813 2902 vero
841 2840 910 2920 quia
932 2845 1034 2919 actus,
1064 2859 1123 2921 quo
1145 2842 1227 2904 Deus
1250 2861 1306 2908 se-

207 2957 268 3014 met
292 2951 389 3032 ipsum
413 2969 467 3031 pcr
498 2950 667 3012 absolutam
690 2950 912 3014 emanationem
937 2956 1006 3014 ante
1035 2969 1070 3014 se
1095 2952 1196 3032 ponit,
1227 2954 1304 3017 nihil

209 3059 289 3123 aliud
315 3065 378 3138 est,
402 3077 490 3140 quam
512 3078 597 3122 mera
619 3056 781 3132 ἀντίθεσις
805 3051 1004 3140 suppositio
1032 3061 1162 3123 subiecti
1190 3069 1218 3124 et
1242 3062 1304 3124 ob-

206 3169 290 3246 iecti,
314 3186 444 3231 necesse
466 3175 523 3245 est,
547 3174 579 3229 ut
596 3167 753 3248 utriusque
776 3169 944 3231 absolutam
967 3169 1178 3247 aequalitatem
1201 3170 1305 3247 (iden-

208 3276 336 3351 tilatenq
361 3275 456 3337 altera
476 3292 641 3354 processus
658 3293 730 3355 pars
749 3277 915 3356 confirmet,
940 3295 1008 3357 qua,
1032 3285 1191 3342 emanante
1211 3279 1302 3344 simui

208 3391 237 3446 et
260 3384 399 3446 subiecta
423 3389 454 3446 et
478 3383 611 3460 obiect0,
633 3381 822 3456 ἀντιθέσεως
844 3385 993 3458 σύνθεσις
1015 3387 1164 3450 efficiatur
1191 3389 1302 3453 eedem

207 3510 329 3570 rursus,
360 3510 448 3573 quam
481 3498 641 3572 utrumque
671 3491 760 3571 illud,
796 3492 937 3556 absolata
968 3495 1138 3558 substantia
1170 3498 1300 3579 pollens.

206 3600 299 3663 Hisce
320 3602 417 3663 tribus
440 3601 600 3663 momentis
622 3601 680 3664 Dei
702 3601 741 3664 ad
763 3601 841 3664 intra
865 3603 1068 3668 manifestatio
1092 3611 1121 3668 el
1142 3607 1204 3669 vita
1220 3625 1302 3669 can-

207 3709 329 3787 tinetur‚
352 3710 392 3771 ita
412 3714 445 3772 ut
468 3709 630 3790 suiipsius
653 3712 797 3774 conscius
822 3712 861 3774 sit
879 3719 937 3774 tam
959 3713 1059 3793 anias,
1083 3717 1163 3795 quod
1187 3716 1224 3778 ad
1242 3715 1302 3779 ab·

206 3818 336 3878 salntem
365 3815 584 3897 substantiam,
617 3838 706 3900 quam
741 3820 886 3899 triplicis,
923 3822 1003 3902 quod
1035 3825 1073 3885 etl
1103 3825 1235 3904 formam
1255 3827 1300 3903 28)

767 3943 787 3980 0

204 3983 500 3999 —w-U———Q

235 4156 251 4166 Ι,
302 4095 348 4165 28)
369 4091 436 4162 Hinc
455 4090 533 4144 iacile
553 4060 666 4161 perspici
686 4102 779 4161 potest,
799 4097 860 4165 quid
877 4098 944 4149 iuter
964 4097 1107 4150 absolutam
1126 4099 1299 4153 substantiam

206 4178 384 4242 et'r'elativum
403 4173 523 4242 mundum
546 4191 700 4244 discriminis
721 4193 829 4245 intersit.
868 4193 915 4245 Illa
935 4195 1003 4246 euim
1023 4211 1100 4262 quum
1119 4196 1152 4246 sit
1169 4211 1219 4268 una
1234 4197 1301 4249 sub-

205 4287 299 4359 stantia
319 4287 367 4340 aab
382 4287 481 4357 ttiplici
504 4285 605 4356 forma,
625 4288 668 4342 hic
692 4288 821 4359 triplicem
833 4289 954 4343 --exntbaa
978 4281 1148 4347 substantiam
1168 4308 1227 4350 eum
1246 4291 1318 4348 una
