2910 4698
686 291 893 352 ..10-

240 461 376 544 pluribus
412 463 510 527 allatis
533 464 712 528 rationibus.
758 467 890 541 Quarum
912 469 1007 549 prima
1031 487 1047 531 a
1072 473 1154 531 motu
1176 467 1268 548 potita
1302 487 1340 533 ea

243 577 299 651 est,
321 574 441 636 sublato
462 592 571 653 vacuo,
595 593 653 637 nec
675 577 935 658 compressionem
960 579 1219 659 expansionemvc
1234 595 1337 642 rerum

241 699 299 745 neo
321 683 551 764 generationem
573 684 755 747 nutritumve
776 703 867 766 posse
892 686 1058 768 explicari,
1081 687 1172 750 ducto
1193 687 1264 748 inde
1281 703 1337 749 ar-

239 796 394 874 gumento,
420 792 501 871 quod
523 792 622 870 locus,
648 811 709 855 uno
731 795 790 856 iam
812 795 943 857 refertus
967 813 1107 876 corpore,
1132 795 1259 858 alterurn
1281 813 1336 857 re-

240 899 342 982 cipere
361 908 494 980 nequeat
509 902 569 964 nisi
589 902 818 966 absurdissimis
836 904 978 968 admissis
994 906 1215 986 repugnantiis,
1233 905 1335 984 quod-

239 1027 308 1091 que,
333 1014 458 1072 anctore
480 1011 617 1088 blelisso,
641 1012 667 1072 si
689 1030 817 1075 vacuum
840 1030 953 1094 negas,
981 1031 1100 1076 omnem
1126 1020 1335 1096 congruenter

239 1123 352 1182 motum
373 1117 498 1180 reiicias
506 1139 514 1194 3
538 1120 575 1181 ad
599 1121 659 1183 boc
681 1138 736 1182 vas
761 1121 866 1184 cinere
888 1121 1034 1184 refertum
1051 1123 1226 1186 tantundem
1248 1122 1333 1185 reci-

237 1245 311 1310 pere
336 1227 449 1306 dicunt,
474 1235 615 1308 quantum
638 1230 718 1292 idem
741 1249 808 1294 vas
825 1250 954 1293 vacuum
978 1245 1084 1312 aquae.
1131 1233 1212 1307 Quas
1234 1231 1333 1294 ratio-

238 1354 292 1399 nes
317 1343 478 1417 antequam
501 1338 614 1401 refellit
635 1339 837 1418 Aristoteles,
862 1337 933 1419 quid
964 1341 1101 1420 ,inanis“
1131 1358 1192 1405 vox
1221 1340 1331 1420 valeat,

240 1445 372 1526 exponit.
418 1447 614 1511 Existimetur
642 1450 733 1513 innne
758 1468 827 1512 esse
852 1449 938 1514 loeus
961 1451 1044 1513 omni
1076 1451 1235 1514 destitutus
1260 1470 1334 1514 cor-

134 1548 138 1553 ’
239 1573 325 1636 pore,
346 1555 395 1619 vel
416 1557 554 1637 spatium,
579 1559 611 1619 in
633 1576 692 1639 quo
713 1559 787 1620 nibil
805 1559 884 1623 inest
905 1579 963 1623 nec
982 1578 1078 1642 grave
1098 1577 1156 1623 neo
1179 1561 1258 1639 leve,
1282 1560 1330 1623 vel

237 1663 368 1747 deniqne
386 1666 576 1730 intervallum
593 1667 631 1730 ad
651 1668 830 1748 recipienda
845 1685 976 1748 corpora
993 1671 1049 1732 sub
1067 1687 1177 1733 sensus
1191 1668 1330 1732 cadentia

236 1779 344 1855 aptum.
370 1773 572 1847 Quamobrem
590 1777 686 1855 suere,
707 1778 757 1858 qui
773 1777 929 1840 materiam
946 1779 1062 1859 absque
1074 1779 1171 1841 forma
1185 1777 1332 1840 conside-

235 1888 330 1947 ratam
346 1901 402 1962 pro
420 1883 504 1947 inani
527 1885 683 1948 haberent.
716 1887 773 1960 Qui
796 1893 897 1948 tamen
920 1905 957 1950 eo
973 1887 1234 1964 iamrclelluntur,
1249 1885 1330 1967 quod

237 1991 328 2056 inane
350 1994 473 2056 secerni
495 2013 512 2057 a
537 2013 667 2075 corpore
682 2002 792 2076 potest,
810 1997 936 2060 materia
951 2014 1013 2059 non
1028 2003 1137 2076 potest.
1163 1996 1240 2069 Quid
1256 2013 1330 2058 vcro

237 2099 397 2180 domani,
421 2109 453 2164 ut
479 2103 549 2167 loco
574 2105 611 2166 ab
635 2105 716 2167 omni
738 2122 869 2185 corpore
891 2123 1001 2184 vacuo,
1025 2105 1188 2168 dicendum
1213 2106 1269 2183 sit,
1292 2123 1331 2167 ex

237 2228 327 2290 supra
351 2211 510 2292 disputatis
533 2220 624 2295 patet.
676 2216 861 2294 Quamquam
884 2221 970 2291 sunt,
994 2215 1045 2293 qui
1075 2214 1155 2281 hano
1181 2213 1243 2275 loci
1271 2232 1329 2276 va-

235 2320 344 2401 cuique
366 2322 543 2386 affinitatem
565 2325 596 2385 in
619 2329 702 2386 motu
727 2323 891 2400 collocent,
918 2322 1026 2402 quippe
1049 2323 1228 2385 necessario
1250 2323 1328 2385 ntri-
1380 2387 1382 2394 ,

233 2448 301 2514 que.
358 2432 418 2495 Sed
450 2440 549 2496 motus
581 2435 648 2496 sine
680 2433 739 2496 ulla
773 2433 835 2494 loci
870 2433 1016 2494 inanitate
1052 2433 1186 2495 existere
1217 2437 1325 2511 potest.

231 2542 370 2606 Moretur
385 2543 463 2607 enim
479 2544 679 2623 succeditque
695 2543 776 2606 aliud
791 2543 822 2604 in
839 2541 929 2605 alium
945 2542 1045 2604 locum
1061 2558 1183 2622 coran,
1208 2541 1326 2604 etiarnsi

232 2652 307 2714 nibil
338 2659 385 2715 est
413 2655 520 2732 vacui,
555 2655 699 2734 quoniam
733 2660 762 2714 et
795 2653 953 2734 comprimi
989 2654 1115 2716 materia
1147 2659 1178 2715 et
1206 2651 1325 2714 dilatari

231 2768 350 2843 potest,
373 2769 463 2843 prout
483 2763 554 2843 qnid
576 2764 723 2826 materiae
746 2763 865 2826 elicitur
888 2783 905 2826 e
929 2781 1059 2846 corpore
1087 2769 1139 2826 aut
1166 2763 1194 2824 ei
1219 2763 1328 2825 admo-

233 2879 320 2936 vetur
346 2872 486 2953 idemque
510 2878 693 2949 cornmutat;
715 2893 774 2936 nec
795 2881 973 2954 praeterea,
990 2893 1079 2955 quum
1103 2891 1233 2953 corpora
1255 2891 1328 2935 sua-

230 2989 280 3066 pte
300 3001 421 3046 sursum
447 2983 651 3066 deorsumque
674 2991 779 3048 natura
805 2986 961 3064 terantur,
982 2992 1047 3063 est,
1074 3001 1127 3047 cur
1148 2983 1238 3046 huius
1258 3001 1328 3045 mo-

231 3099 278 3158 tus
302 3113 425 3158 causam
448 3093 486 3157 ad
508 3095 599 3158 inane
620 3113 812 3158 revocemus.
863 3092 903 3156 Τὸ
924 3092 1012 3155 accde
1029 3094 1122 3178 igitur
1143 3110 1205 3154 non
1228 3093 1325 3155 solum

231 3202 304 3264 nihil
328 3203 366 3264 ad
382 3209 493 3265 motum
518 3203 648 3281 confert,
672 3204 727 3266 scd
749 3222 788 3266 ne
810 3203 903 3265 ullum
926 3202 1048 3282 quidem
1069 3204 1181 3282 patitur
1203 3208 1326 3264 motum.

231 3311 263 3373 ln
288 3328 385 3372 vacuo
409 3311 489 3372 enim
510 3311 607 3391 spatio
633 3329 743 3392 corpus
766 3312 862 3375 semel
885 3317 1067 3373 commotum
1089 3311 1139 3372 vel
1155 3311 1326 3373 coniectum

232 3426 282 3483 aut
304 3437 457 3501 nunquam
480 3426 531 3483 aut
552 3438 674 3500 semper
700 3422 839 3502 quiescet
867 3426 917 3482 aut
940 3419 1074 3498 denique
1095 3437 1326 3499 quoquoversus

231 3536 469 3610 contorqueatur
482 3547 619 3593 *necesse
643 3536 688 3592 est
696 3549 704 3606 3
734 3549 793 3610 quo
817 3529 955 3606 accedit,
979 3527 1079 3607 quod,
1103 3528 1275 3608 quicunque
1295 3527 1327 3588 in

232 3658 268 3702 eo
302 3645 402 3702 motus
430 3640 534 3719 lieret,
568 3640 680 3702 nullam
710 3641 835 3702 omnino
865 3640 959 3701 ferret
989 3639 1135 3718 temporis
1163 3638 1324 3720 rationem.

230 3751 276 3814 Ex
306 3749 413 3829 quibus
447 3750 586 3813 omnibus
616 3749 808 3812 manifestum
842 3754 907 3824 est,
939 3762 1066 3807 vaenum
1101 3763 1200 3825 neque
1226 3751 1323 3808 motus

232 3877 302 3923 csse
332 3859 513 3939 principium
544 3878 644 3941 neque
673 3859 773 3948 locum
804 3855 954 3935 quendam
985 3862 1157 3936 separatum
1190 3863 1219 3920 et
1247 3856 1326 3919 trina

232 3968 425 4031 dimensione
458 3976 581 4048 praeter
615 3968 755 4048 corporis
790 3965 997 4028 dimensiones
1032 3965 1212 4045 praeditum.
1268 3965 1326 4040 Qui

190 4149 192 4159 Α
231 4085 329 4140 antem
353 4095 481 4140 vacuum
505 4077 690 4139 defensitant
710 4074 891 4153 corporibus
915 4075 1070 4150 insertum,
1099 4075 1244 4136 evincere
1266 4074 1325 4135 boe

232 4205 392 4268 corporum
425 4187 550 4248 raritate
583 4185 641 4246 sibi
674 4183 833 4259 videntur3
865 4182 920 4244 scd
956 4201 1117 4262 perperam
1152 4182 1324 4244 admodum.

232 4298 326 4366 lnane
347 4296 439 4373 enim,
460 4300 492 4355 ut
513 4293 581 4355 levo
605 4292 736 4372 quidvis,
759 4292 883 4354 nonnisi
905 4307 1025 4364 sursum
1045 4291 1183 4372 tendere,
1208 4330 1247 4340 -
1267 4310 1324 4355 nae
