2910 4698
139 489 167 534 s.
193 465 343 547 vepria).
387 469 549 534 Praeterea
576 483 638 528 uon
661 469 708 528 est
729 458 920 524 consuetudo
942 452 1130 530 Aristotelis,
1154 469 1243 532 ouum

141 586 256 662 poetae
278 579 408 654 (nedum
432 575 616 650 Simonidis]
640 555 761 636 effatum
783 568 911 650 profert,
934 572 996 628 tam
1019 563 1137 626 incerte
1160 561 1243 640 loqui

142 708 201 770 per
222 688 369 768 pluralem
390 703 549 750 numerum
572 679 617 760 (oi
640 683 715 760 μὲν)
744 697 780 744 ao
808 673 939 756 proinde
970 690 1055 748 eum,
1083 670 1132 748 qui
1154 685 1244 732 secus

143 798 273 879 cogitat,
298 796 475 862 nominatim
499 793 635 861 laudare.
679 789 743 852 Nec
765 783 892 846 minoris
914 779 1057 842 momenti
1080 776 1139 838 boo
1160 781 1244 856 puto,

141 908 227 990 quod
252 907 305 987 uui
328 904 503 970 Aristotelis
522 901 709 982 singularem
733 895 887 976 cognitam
908 889 1000 952 habet
1022 895 1052 950 et
1074 886 1246 966 perspicui-

141 1024 236 1086 tatem
270 1022 301 1080 et
331 1019 578 1096 argumentorum
608 1007 794 1088 aptissimam
826 1005 905 1065 iuter
938 1016 972 1059 se
1006 994 1244 1071 cohaerentiam,

141 1127 197 1194 vix
220 1126 248 1188 ei
272 1126 384 1193 tribuet
407 1119 439 1184 τὸ
465 1122 584 1199 ,lepor
609 1111 820 1196 dyademate,-
844 1127 913 1170 uam
938 1107 989 1168 ubi
1012 1083 1190 1184 praemisit,
1213 1102 1245 1163 in

142 1243 283 1316 ternpore
307 1233 408 1298 omnia
437 1237 466 1292 et
496 1225 640 1310 generari
671 1229 700 1287 et
726 1220 837 1295 everti,
867 1217 929 1278 hoo
956 1212 1087 1278 subinde
1118 1227 1173 1289 per
1195 1204 1243 1268 ded

142 1344 323 1426 particulam
347 1338 540 1420 documentis
564 1332 687 1398 aliunde
709 1328 811 1410 petitis
832 1325 986 1386 illustrare
1008 1319 1117 1383 studet.
1158 1316 1245 1388 Quod

144 1456 215 1522 dum
240 1453 330 1528 lacit,
355 1450 434 1514 adeo
460 1451 568 1508 contra
591 1458 712 1504 omnem
734 1433 994 1515 exspectationem
1015 1429 1058 1511 τῷ
1080 1424 1246 1507 φθείρεται

143 1571 175 1628 et
200 1563 426 1640 ἀμαθέστατον
448 1555 576 1636 palmam
601 1550 660 1612 fert
687 1554 758 1626 (per
781 1545 880 1622 λέγων
903 1537 1108 1616 ὀρθότερον),
1127 1535 1193 1596 iure
1215 1538 1247 1596 ut

144 1673 212 1744 eius
243 1670 289 1732 roi
317 1663 511 1748 quantumvis
537 1661 662 1722 breuem
693 1652 853 1718 desideras
883 1647 1033 1710 rationem
1064 1641 1163 1718 (velut
1190 1657 1246 1720 per

142 1779 202 1864 γὰρ
229 1777 437 1860 particulam).
481 1771 574 1851 Atqui
603 1765 733 1848 proinde
757 1761 844 1842 qua'si
874 1778 910 1820 ea
942 1752 1170 1827 intercidisset,
1192 1767 1246 1811 se-

144 1892 265 1971 quitur:
301 1889 422 1966 d'ptoa
456 1873 547 1956 orie,
570 1871 617 1938 ὅτι
650 1873 776 1956 φθορᾶς
795 1869 916 1946 μᾶλλον
938 1859 1029 1930 ἔσται
1049 1859 1125 1922 καθ’
1148 1855 1247 1920 αὑτὸν

144 1997 243 2072 αἴτιος
267 1991 286 2078 ἢ
309 1996 467 2076 γενέσεως.
513 1987 610 2063 Unde,
635 2000 763 2064 quaeso,
785 1979 845 2040 boc
868 1975 1058 2038 manifestum
1082 1969 1154 2032 est?
1187 1966 1246 2028 ltli-

143 2109 228 2171 nime
251 2104 373 2186 quidem
398 2121 415 2162 e
439 2097 530 2160 modo
556 2089 819 2164 antecedentibus,
844 2092 874 2147 et
898 2090 998 2144 tamen
1021 2070 1078 2138 οὖν
1099 2073 1245 2155 particula

144 2216 234 2282 linire
258 2221 287 2275 et
310 2207 498 2274 concludere
530 2202 611 2266 solet
632 2200 679 2261 rei
701 2192 1002 2259 demonstrationem.
1054 2186 1149 2246 Porro
1179 2187 1248 2242 sunt

144 2326 240 2391 verba
267 2323 317 2385 illa
340 2337 425 2384 mera
448 2313 589 2395 repetitio
613 2329 630 2372 e
654 2327 718 2388 cap.
747 2307 793 2367 la.
819 2301 1006 2381 deprompta,
1030 2291 1111 2372 quod
1134 2289 1246 2368 depre-

145 2434 286 2500 hendens
300 2428 501 2509 interpolator
521 2428 609 2484 caute
622 2415 793 2481 subiunxit:
815 2407 960 2484 καθάπερ
978 2405 1095 2482 ἐλέχθη
1107 2394 1160 2458 καί
1172 2393 1250 2473 upri-

144 2567 246 2626 τερον.
279 2542 334 2604 Cui
350 2537 463 2601 deinde
482 2531 688 2616 agglutinatur
705 2524 856 2604 γενέσεως
872 2519 906 2578 δὲ
929 2512 1025 2590 (trulla
1048 2504 1248 2571 antecedente

142 2656 201 2736 μὲν
215 2649 381 2733 particula)
395 2648 448 2706 καί
462 2643 521 2706 τοῦ
532 2633 612 2702 εἶναι
627 2629 707 2697 κατὰ
725 2623 932 2706 συμβεβηκός.
957 2621 1053 2693 Quam
1063 2611 1244 2678 sententiam

143 2763 378 2828 confirmaturus
392 2747 582 2833 scriptorsic
595 2743 708 2825 pergit:
731 2741 861 2820 σημεῖον
879 2732 913 2793 δὲ
928 2723 1031 2792 ἱκανὸν
1047 2727 1088 2800 n)
1104 2715 1152 2782 ὅτι
1165 2720 1245 2799 ytae-

143 2895 197 2937 ται
209 2873 269 2946 μὲν
278 2867 378 2946 μηδὲν
389 2857 463 2924 ἄνευ
477 2861 532 2922 τοῦ
546 2853 708 2945 esuriebat:
718 2870 782 2918 πως
798 2838 877 2906 αὐτὸ
890 2835 945 2900 καὶ
957 2835 1114 2914 πράττειν·
1133 2831 1245 2910 φθεί-

144 2996 262 3057 ρεται
288 2972 330 3032 δὲ
353 2963 560 3045 καίμηὸὲν
582 2949 833 3029 κινούμενον·
852 2940 1032 3021 καὶταότην
1048 2938 1183 3016 μάλιστα
1197 2936 1245 2996 ie'-

142 3107 210 3168 year
225 3079 384 3156 εἰώθαμεν
400 3067 458 3133 dud
478 3069 535 3130 τοῦ
550 3063 668 3144 χρόνον
684 3053 820 3142 φθοράν.
853 3051 910 3114 Ubi
931 3041 1020 3128 quun]
1039 3043 1242 3125 perhibeatur,

144 3190 263 3260 moveri
277 3182 390 3270 aliquid
410 3187 439 3243 et
453 3195 548 3262 ogere
568 3173 599 3234 iu
613 3175 690 3252 ortu,
716 3163 795 3238 baud
812 3177 934 3240 semper
950 3158 981 3218 in
994 3153 1126 3230 interitu,
1138 3155 1244 3212 contra

142 3298 320 3382 Aristotelis
344 3295 421 3356 baec
444 3294 491 3353 est
515 3282 667 3357 doctrina,
693 3275 915 3351 eandernessc
939 3267 1088 3348 γενέσεως
1110 3267 1140 3326 et
1162 3263 1244 3342 φθο-

146 3413 205 3499 ρᾶς
228 3408 380 3488 patipuem
397 3405 450 3482 ⁷⁵).
495 3396 594 3470 ldem,
618 3389 667 3470 qui
690 3383 852 3460 subditicia
876 3379 926 3439 illa
948 3374 1091 3450 inseruit,
1111 3370 1244 3452 scriptor

143 3519 281 3594 sensisse
303 3511 442 3584 videtum
473 3499 631 3580 subiungit
652 3495 753 3570 onitu:
788 3491 826 3550 od
850 3484 915 3566 μὴν
936 3482 1005 3551 dtt’
1028 3478 1103 3546 eddi
1125 3473 1242 3558 ταύτην

143 3629 158 3694 ὁ
178 3623 294 3710 χρόνος
315 3626 410 3697 notai,
433 3607 514 3676 oillei
532 3608 700 3687 συμβαίνει
726 3599 766 3661 ἐν
787 3595 892 3676 χρόνῳ
913 3591 1058 3671 γίνεσθαι
1079 3583 1147 3648 καί
1166 3581 1241 3648 ταὺ-

143 3761 197 3822 cnr
221 3731 276 3815 τὴν
299 3721 490 3812 μεταβολήν.
536 3715 615 3792 Quill
639 3717 739 3775 aulem
762 3703 893 3784 lneplius
916 3706 977 3778 est,
1003 3697 1241 3780 quamprimum

147 3843 354 3916 contendere,
383 3845 584 3916 quaecuuque
617 3823 707 3897 fiant,
741 3813 875 3890 moveri,
907 3829 968 3874 uon
995 3829 1073 3894 quae
1100 3815 1241 3892 pereant,

146 3963 177 4020 et
197 3951 339 4027 subinde,
364 3943 449 4025 quasi
474 3937 637 4016 corrigens
654 3927 745 3991 modo
762 3925 841 3985 dieta
861 3921 1012 3986 adiicere:
1036 3940 1113 4003 puae
1135 3934 1241 3999 quarn-

160 4099 452 4122 .....—---.--⁴--—-

251 4177 767 4269 amor.marimanam-plat.
828 4248 830 4251 ι
908 4203 911 4208 ‹
1013 4205 1019 4245 ,Ι

252 4297 298 4366 lb)
317 4291 357 4359 Gi.
372 4290 456 4368 l’lrys.
477 4286 509 4363 ll,
532 4285 555 4340 1.
576 4283 601 4338 2.
618 4278 649 4346 ὃς
670 4275 703 4331 da
721 4288 782 4352 gap.
801 4276 829 4344 pt
847 4283 914 4348 ⁰⁰t't'·
933 4266 966 4351 μξ
989 4267 1033 4330 10,
