<?xml version="1.0" encoding="UTF-8"?>
<!DOCTYPE html PUBLIC "-//W3C//DTD XHTML 1.0 Transitional//EN"
    "http://www.w3.org/TR/xhtml1/DTD/xhtml1-transitional.dtd">
<html xmlns="http://www.w3.org/1999/xhtml" xml:lang="en" lang="en">
 <head>
  <title>
</title>
<meta http-equiv="Content-Type" content="text/html;charset=utf-8" />
  <meta name='ocr-system' content='tesseract 3.04.00' />
  <meta name='ocr-capabilities' content='ocr_page ocr_carea ocr_par ocr_line ocrx_word'/>
</head>
<body>
  <div class='ocr_page' id='page_1' title='image "./despatioettempo00woltgoog_0025.png"; bbox 0 0 2910 4698; ppageno 0'>
   <div class='ocr_carea' id='block_1_1' title="bbox 684 293 892 354">
    <p class='ocr_par' dir='ltr' id='par_1_1' title="bbox 684 293 892 354">
     <span class='ocr_line' id='line_1_1' title="bbox 684 293 892 354; baseline 0.01 -20"><span class='ocrx_word' id='word_1_1' title='bbox 684 293 892 354; x_wconf 69' lang='grc'>..14-</span> 
     </span>
    </p>
   </div>
   <div class='ocr_carea' id='block_1_2' title="bbox 243 465 1336 774">
    <p class='ocr_par' dir='ltr' id='par_1_2' title="bbox 243 465 1336 774">
     <span class='ocr_line' id='line_1_2' title="bbox 244 465 1335 552; baseline -0.005 -19"><span class='ocrx_word' id='word_1_2' title='bbox 244 487 303 552; x_wconf 93' lang='lat' dir='ltr'>que</span> <span class='ocrx_word' id='word_1_3' title='bbox 325 469 460 534; x_wconf 88' lang='lat' dir='ltr'>cernitur</span> <span class='ocrx_word' id='word_1_4' title='bbox 475 472 536 551; x_wconf 49' lang='grc' dir='ltr'>Μῦς</span> <span class='ocrx_word' id='word_1_5' title='bbox 566 505 606 522; x_wconf 90' lang='lat'><em>-</em></span> <span class='ocrx_word' id='word_1_6' title='bbox 634 470 728 550; x_wconf 87' lang='lat' dir='ltr'>illud,</span> <span class='ocrx_word' id='word_1_7' title='bbox 755 470 855 552; x_wconf 89' lang='lat' dir='ltr'>quoad</span> <span class='ocrx_word' id='word_1_8' title='bbox 885 469 1055 534; x_wconf 88' lang='lat' dir='ltr'>subiectum</span> <span class='ocrx_word' id='word_1_9' title='bbox 1085 483 1212 548; x_wconf 89' lang='lat' dir='ltr'>remque</span> <span class='ocrx_word' id='word_1_10' title='bbox 1240 465 1335 546; x_wconf 84' lang='lat' dir='ltr'><strong>ipsam</strong></span> 
     </span>
     <span class='ocr_line' id='line_1_3' title="bbox 243 579 1336 663; baseline -0.005 -20"><span class='ocrx_word' id='word_1_11' title='bbox 243 586 370 660; x_wconf 88' lang='lat' dir='ltr'>spectat.</span> <span class='ocrx_word' id='word_1_12' title='bbox 424 580 684 656; x_wconf 82' lang='lat' dir='ltr'>Quemadmodum</span> <span class='ocrx_word' id='word_1_13' title='bbox 709 581 788 644; x_wconf 87' lang='lat' dir='ltr'>enim</span> <span class='ocrx_word' id='word_1_14' title='bbox 812 579 1006 663; x_wconf 74' lang='lat' dir='ltr'>magnitudo,</span> <span class='ocrx_word' id='word_1_15' title='bbox 1030 583 1130 642; x_wconf 88' lang='lat' dir='ltr'>motus</span> <span class='ocrx_word' id='word_1_16' title='bbox 1159 583 1189 639; x_wconf 89' lang='lat' dir='ltr'>et</span> <span class='ocrx_word' id='word_1_17' title='bbox 1220 583 1336 656; x_wconf 89' lang='lat' dir='ltr'>tempus</span> 
     </span>
     <span class='ocr_line' id='line_1_4' title="bbox 243 687 1333 774; baseline -0.006 -21"><span class='ocrx_word' id='word_1_18' title='bbox 243 695 345 754; x_wconf 94' lang='lat' dir='ltr'>mutuo</span> <span class='ocrx_word' id='word_1_19' title='bbox 366 689 448 754; x_wconf 89' lang='lat' dir='ltr'>inter</span> <span class='ocrx_word' id='word_1_20' title='bbox 470 709 505 756; x_wconf 90' lang='lat' dir='ltr'>se</span> <span class='ocrx_word' id='word_1_21' title='bbox 535 691 731 774; x_wconf 80' lang='lat' dir='ltr'><strong>cognationis</strong></span> <span class='ocrx_word' id='word_1_22' title='bbox 758 690 881 754; x_wconf 90' lang='lat' dir='ltr'>vinculo</span> <span class='ocrx_word' id='word_1_23' title='bbox 912 689 1016 754; x_wconf 82' lang='lat' dir='ltr'>iuncte</span> <span class='ocrx_word' id='word_1_24' title='bbox 1044 693 1132 766; x_wconf 91' lang='lat' dir='ltr'>sunt,</span> <span class='ocrx_word' id='word_1_25' title='bbox 1161 687 1208 751; x_wconf 89' lang='lat' dir='ltr'>sic</span> <span class='ocrx_word' id='word_1_26' title='bbox 1230 701 1333 751; x_wconf 90' lang='lat' dir='ltr'>eorum</span> 
     </span>
    </p>
   </div>
   <div class='ocr_carea' id='block_1_3' title="bbox 242 797 1435 892">
    <p class='ocr_par' dir='ltr' id='par_1_3' title="bbox 242 797 1435 892">
     <span class='ocr_line' id='line_1_5' title="bbox 242 797 1435 892; baseline -0.004 -29"><span class='ocrx_word' id='word_1_27' title='bbox 242 799 407 882; x_wconf 86' lang='lat' dir='ltr'>principie:</span> <span class='ocrx_word' id='word_1_28' title='bbox 436 807 579 882; x_wconf 90' lang='lat' dir='ltr'>punctum</span> <span class='ocrx_word' id='word_1_29' title='bbox 604 801 718 865; x_wconf 83' lang='lat' dir='ltr'>mobile</span> <span class='ocrx_word' id='word_1_30' title='bbox 742 807 771 863; x_wconf 90' lang='lat' dir='ltr'>et</span> <span class='ocrx_word' id='word_1_31' title='bbox 791 817 872 864; x_wconf 92' lang='lat' dir='ltr'>nunc</span> <span class='ocrx_word' id='word_1_32' title='bbox 895 805 966 880; x_wconf 91' lang='lat' dir='ltr'>(per</span> <span class='ocrx_word' id='word_1_33' title='bbox 988 816 1066 879; x_wconf 87' lang='lat' dir='ltr'>quae</span> <span class='ocrx_word' id='word_1_34' title='bbox 1085 797 1154 862; x_wconf 88' lang='lat' dir='ltr'>sola</span> <span class='ocrx_word' id='word_1_35' title='bbox 1180 797 1253 860; x_wconf 88' lang='lat' dir='ltr'>licet</span> <span class='ocrx_word' id='word_1_36' title='bbox 1277 797 1333 860; x_wconf 86' lang='lat' dir='ltr'>ista</span> <span class='ocrx_word' id='word_1_37' title='bbox 1434 885 1435 892; x_wconf 6' lang='grc' dir='ltr'>ἵ</span> 
     </span>
    </p>
   </div>
   <div class='ocr_carea' id='block_1_4' title="bbox 205 907 1335 2306">
    <p class='ocr_par' dir='ltr' id='par_1_4' title="bbox 205 907 1335 2306">
     <span class='ocr_line' id='line_1_6' title="bbox 242 907 1333 991; baseline -0.002 -19"><span class='ocrx_word' id='word_1_38' title='bbox 242 911 336 974; x_wconf 86' lang='lat' dir='ltr'>menti</span> <span class='ocrx_word' id='word_1_39' title='bbox 364 910 550 990; x_wconf 82' lang='lat' dir='ltr'>informare,</span> <span class='ocrx_word' id='word_1_40' title='bbox 579 911 721 991; x_wconf 90' lang='lat' dir='ltr'>quoniam</span> <span class='ocrx_word' id='word_1_41' title='bbox 757 912 813 974; x_wconf 92' lang='lat' dir='ltr'>sub</span> <span class='ocrx_word' id='word_1_42' title='bbox 845 927 955 974; x_wconf 89' lang='lat' dir='ltr'>sensus</span> <span class='ocrx_word' id='word_1_43' title='bbox 986 910 1114 989; x_wconf 85' lang='lat' dir='ltr'>cadunt)</span> <span class='ocrx_word' id='word_1_44' title='bbox 1145 927 1179 974; x_wconf 91' lang='lat' dir='ltr'>se</span> <span class='ocrx_word' id='word_1_45' title='bbox 1211 907 1333 986; x_wconf 88' lang='lat' dir='ltr'>habent,</span> 
     </span>
     <span class='ocr_line' id='line_1_7' title="bbox 242 1017 1334 1102; baseline -0.003 -20"><span class='ocrx_word' id='word_1_46' title='bbox 242 1038 370 1100; x_wconf 88' lang='lat' dir='ltr'>quorum</span> <span class='ocrx_word' id='word_1_47' title='bbox 392 1021 424 1083; x_wconf 94' lang='lat' dir='ltr'>in</span> <span class='ocrx_word' id='word_1_48' title='bbox 453 1027 613 1101; x_wconf 92' lang='lat' dir='ltr'>utrumque</span> <span class='ocrx_word' id='word_1_49' title='bbox 639 1021 724 1102; x_wconf 93' lang='lat' dir='ltr'>prius</span> <span class='ocrx_word' id='word_1_50' title='bbox 753 1037 843 1101; x_wconf 90' lang='lat' dir='ltr'>quum</span> <span class='ocrx_word' id='word_1_51' title='bbox 869 1019 920 1082; x_wconf 89' lang='lat' dir='ltr'>illa</span> <span class='ocrx_word' id='word_1_52' title='bbox 951 1019 1080 1100; x_wconf 76' lang='lat' dir='ltr'>quadret</span> <span class='ocrx_word' id='word_1_53' title='bbox 1101 1017 1276 1096; x_wconf 88' lang='lat' dir='ltr'>distinctio,</span> <span class='ocrx_word' id='word_1_54' title='bbox 1304 1017 1334 1080; x_wconf 88' lang='lat' dir='ltr'>in</span> 
     </span>
     <span class='ocr_line' id='line_1_8' title="bbox 240 1125 1335 1214; baseline -0.002 -20"><span class='ocrx_word' id='word_1_55' title='bbox 240 1149 388 1214; x_wconf 88' lang='lat' dir='ltr'>praesens</span> <span class='ocrx_word' id='word_1_56' title='bbox 413 1149 533 1212; x_wconf 92' lang='lat' dir='ltr'>quoque</span> <span class='ocrx_word' id='word_1_57' title='bbox 565 1138 748 1197; x_wconf 90' lang='lat' dir='ltr'>momentum</span> <span class='ocrx_word' id='word_1_58' title='bbox 772 1133 871 1211; x_wconf 88' lang='lat' dir='ltr'>cadit,</span> <span class='ocrx_word' id='word_1_59' title='bbox 890 1138 923 1194; x_wconf 93' lang='lat' dir='ltr'>ut</span> <span class='ocrx_word' id='word_1_60' title='bbox 944 1131 1083 1196; x_wconf 90' lang='lat' dir='ltr'>subiecto</span> <span class='ocrx_word' id='word_1_61' title='bbox 1107 1147 1131 1194; x_wconf 89' lang='lat' dir='ltr'>s.</span> <span class='ocrx_word' id='word_1_62' title='bbox 1154 1150 1190 1195; x_wconf 89' lang='lat' dir='ltr'>re</span> <span class='ocrx_word' id='word_1_63' title='bbox 1221 1125 1335 1210; x_wconf 77' lang='grc' dir='ltr'>(ὃμὲν</span> 
     </span>
     <span class='ocr_line' id='line_1_9' title="bbox 242 1231 1335 1326; baseline -0.005 -21"><span class='ocrx_word' id='word_1_64' title='bbox 242 1264 317 1305; x_wconf 80' lang='grc' dir='ltr'><em>ποτε</em></span> <span class='ocrx_word' id='word_1_65' title='bbox 341 1231 392 1326; x_wconf 76' lang='grc' dir='ltr'>ὅν)</span> <span class='ocrx_word' id='word_1_66' title='bbox 411 1258 504 1304; x_wconf 92' lang='lat' dir='ltr'>unum</span> <span class='ocrx_word' id='word_1_67' title='bbox 527 1242 567 1304; x_wconf 89' lang='lat' dir='ltr'>sit</span> <span class='ocrx_word' id='word_1_68' title='bbox 590 1242 778 1324; x_wconf 87' lang='lat' dir='ltr'>intempore</span> <span class='ocrx_word' id='word_1_69' title='bbox 803 1241 947 1305; x_wconf 90' lang='lat' dir='ltr'>continuo</span> <span class='ocrx_word' id='word_1_70' title='bbox 966 1242 1075 1318; x_wconf 90' lang='lat' dir='ltr'>lluens,</span> <span class='ocrx_word' id='word_1_71' title='bbox 1096 1240 1216 1304; x_wconf 88' lang='lat' dir='ltr'>ratione</span> <span class='ocrx_word' id='word_1_72' title='bbox 1239 1237 1335 1325; x_wconf 75' lang='grc' dir='ltr'>(λόγῳ</span> 
     </span>
     <span class='ocr_line' id='line_1_10' title="bbox 242 1341 1335 1438; baseline -0.006 -24"><span class='ocrx_word' id='word_1_73' title='bbox 242 1369 267 1414; x_wconf 89' lang='lat' dir='ltr'>s.</span> <span class='ocrx_word' id='word_1_74' title='bbox 290 1351 334 1438; x_wconf 78' lang='grc' dir='ltr'>τῷ</span> <span class='ocrx_word' id='word_1_75' title='bbox 355 1341 452 1428; x_wconf 75' lang='grc' dir='ltr'><strong>εἶναι)</strong></span> <span class='ocrx_word' id='word_1_76' title='bbox 485 1351 650 1415; x_wconf 87' lang='lat' dir='ltr'>diversum.</span> <span class='ocrx_word' id='word_1_77' title='bbox 702 1353 789 1415; x_wconf 92' lang='lat' dir='ltr'>Unde</span> <span class='ocrx_word' id='word_1_78' title='bbox 818 1351 968 1432; x_wconf 81' lang='lat' dir='ltr'>patescit,</span> <span class='ocrx_word' id='word_1_79' title='bbox 997 1355 1030 1413; x_wconf 91' lang='grc' dir='ltr'>ιιι</span> <span class='ocrx_word' id='word_1_80' title='bbox 1058 1346 1164 1432; x_wconf 78' lang='grc' dir='ltr'><em>φορὰν</em></span> <span class='ocrx_word' id='word_1_81' title='bbox 1194 1349 1274 1411; x_wconf 89' lang='lat' dir='ltr'>inter</span> <span class='ocrx_word' id='word_1_82' title='bbox 1305 1353 1335 1408; x_wconf 91' lang='lat' dir='ltr'>et</span> 
     </span>
     <span class='ocr_line' id='line_1_11' title="bbox 205 1454 1335 1544; baseline -0.003 -23"><span class='ocrx_word' id='word_1_83' title='bbox 205 1492 208 1498; x_wconf 93' lang='lat'>·</span> <span class='ocrx_word' id='word_1_84' title='bbox 242 1454 434 1544; x_wconf 69' lang='grc' dir='ltr'><em>φερόμενον,</em></span> <span class='ocrx_word' id='word_1_85' title='bbox 457 1461 497 1523; x_wconf 88' lang='lat' dir='ltr'>ita</span> <span class='ocrx_word' id='word_1_86' title='bbox 519 1461 600 1524; x_wconf 90' lang='lat' dir='ltr'>inter</span> <span class='ocrx_word' id='word_1_87' title='bbox 621 1456 655 1525; x_wconf 79' lang='grc' dir='ltr'>τὸ</span> <span class='ocrx_word' id='word_1_88' title='bbox 681 1463 737 1526; x_wconf 71' lang='grc' dir='ltr'>νῦν</span> <span class='ocrx_word' id='word_1_89' title='bbox 757 1470 935 1542; x_wconf 83' lang='lat' dir='ltr'>tempusque</span> <span class='ocrx_word' id='word_1_90' title='bbox 964 1465 1024 1524; x_wconf 91' lang='lat' dir='ltr'>tam</span> <span class='ocrx_word' id='word_1_91' title='bbox 1055 1464 1170 1522; x_wconf 88' lang='lat' dir='ltr'>arctam</span> <span class='ocrx_word' id='word_1_92' title='bbox 1201 1458 1335 1520; x_wconf 88' lang='lat' dir='ltr'>interce-</span> 
     </span>
     <span class='ocr_line' id='line_1_12' title="bbox 242 1566 1334 1650; baseline -0.003 -20"><span class='ocrx_word' id='word_1_93' title='bbox 242 1568 317 1631; x_wconf 89' lang='lat' dir='ltr'>dere</span> <span class='ocrx_word' id='word_1_94' title='bbox 339 1569 596 1650; x_wconf 91' lang='lat' dir='ltr'>coniunctionem,</span> <span class='ocrx_word' id='word_1_95' title='bbox 617 1577 660 1650; x_wconf 91' lang='lat' dir='ltr'>ut,</span> <span class='ocrx_word' id='word_1_96' title='bbox 682 1589 743 1634; x_wconf 88' lang='lat' dir='ltr'>uno</span> <span class='ocrx_word' id='word_1_97' title='bbox 764 1571 895 1649; x_wconf 81' lang='lat' dir='ltr'>sublato,</span> <span class='ocrx_word' id='word_1_98' title='bbox 918 1588 958 1632; x_wconf 89' lang='lat' dir='ltr'>ne</span> <span class='ocrx_word' id='word_1_99' title='bbox 979 1569 1106 1632; x_wconf 87' lang='lat' dir='ltr'>alterum</span> <span class='ocrx_word' id='word_1_100' title='bbox 1129 1568 1251 1648; x_wconf 88' lang='lat' dir='ltr'>quidem</span> <span class='ocrx_word' id='word_1_101' title='bbox 1266 1566 1334 1629; x_wconf 89' lang='lat' dir='ltr'>diu·-</span> 
     </span>
     <span class='ocr_line' id='line_1_13' title="bbox 205 1673 1334 1760; baseline 0 -22"><span class='ocrx_word' id='word_1_102' title='bbox 205 1675 213 1690; x_wconf 88' lang='lat'>&#39;</span> <span class='ocrx_word' id='word_1_103' title='bbox 241 1677 301 1740; x_wconf 89' lang='lat' dir='ltr'>tius</span> <span class='ocrx_word' id='word_1_104' title='bbox 326 1678 437 1742; x_wconf 89' lang='lat' dir='ltr'>existat</span> <span class='ocrx_word' id='word_1_105' title='bbox 458 1684 499 1759; x_wconf 90' lang='lat' dir='ltr'>et,</span> <span class='ocrx_word' id='word_1_106' title='bbox 521 1679 549 1742; x_wconf 92' lang='lat' dir='ltr'>si</span> <span class='ocrx_word' id='word_1_107' title='bbox 571 1685 687 1760; x_wconf 86' lang='lat' dir='ltr'>tempus</span> <span class='ocrx_word' id='word_1_108' title='bbox 705 1686 752 1742; x_wconf 88' lang='lat' dir='ltr'>est</span> <span class='ocrx_word' id='word_1_109' title='bbox 773 1697 917 1743; x_wconf 90' lang='lat' dir='ltr'>numerus</span> <span class='ocrx_word' id='word_1_110' title='bbox 938 1685 1048 1756; x_wconf 90' lang='lat' dir='ltr'>motus,</span> <span class='ocrx_word' id='word_1_111' title='bbox 1067 1673 1101 1741; x_wconf 77' lang='grc' dir='ltr'>ιιι</span> <span class='ocrx_word' id='word_1_112' title='bbox 1124 1677 1181 1739; x_wconf 75' lang='grc' dir='ltr'>νῦν</span> <span class='ocrx_word' id='word_1_113' title='bbox 1202 1676 1241 1740; x_wconf 90' lang='lat' dir='ltr'>sit</span> <span class='ocrx_word' id='word_1_114' title='bbox 1264 1681 1334 1738; x_wconf 89' lang='lat' dir='ltr'>tan-</span> 
     </span>
     <span class='ocr_line' id='line_1_14' title="bbox 242 1781 1333 1868; baseline -0.003 -20"><span class='ocrx_word' id='word_1_115' title='bbox 242 1803 332 1868; x_wconf 88' lang='lat' dir='ltr'>quam</span> <span class='ocrx_word' id='word_1_116' title='bbox 361 1783 483 1850; x_wconf 87' lang='lat' dir='ltr'>mobilis</span> <span class='ocrx_word' id='word_1_117' title='bbox 506 1806 649 1852; x_wconf 90' lang='lat' dir='ltr'>numerus</span> <span class='ocrx_word' id='word_1_118' title='bbox 681 1807 706 1852; x_wconf 92' lang='lat' dir='ltr'>s.</span> <span class='ocrx_word' id='word_1_119' title='bbox 738 1789 855 1851; x_wconf 91' lang='lat' dir='ltr'>numeri</span> <span class='ocrx_word' id='word_1_120' title='bbox 885 1787 984 1850; x_wconf 90' lang='lat' dir='ltr'>unitas</span> <span class='ocrx_word' id='word_1_121' title='bbox 1020 1781 1136 1866; x_wconf 80' lang='grc' dir='ltr'>(μονὰς</span> <span class='ocrx_word' id='word_1_122' title='bbox 1166 1783 1333 1867; x_wconf 73' lang='grc' dir='ltr'><strong>ἀριθμοῦ).</strong></span> 
     </span>
     <span class='ocr_line' id='line_1_15' title="bbox 240 1893 1332 1976; baseline -0.003 -19"><span class='ocrx_word' id='word_1_123' title='bbox 240 1893 360 1959; x_wconf 84' lang='lat' dir='ltr'>Deinde</span> <span class='ocrx_word' id='word_1_124' title='bbox 388 1902 421 1960; x_wconf 90' lang='lat' dir='ltr'>ut</span> <span class='ocrx_word' id='word_1_125' title='bbox 451 1903 550 1961; x_wconf 91' lang='lat' dir='ltr'>motus</span> <span class='ocrx_word' id='word_1_126' title='bbox 581 1897 695 1960; x_wconf 90' lang='lat' dir='ltr'>latiove</span> <span class='ocrx_word' id='word_1_127' title='bbox 723 1917 783 1961; x_wconf 90' lang='lat' dir='ltr'>una</span> <span class='ocrx_word' id='word_1_128' title='bbox 814 1903 860 1960; x_wconf 90' lang='lat' dir='ltr'>est</span> <span class='ocrx_word' id='word_1_129' title='bbox 887 1903 918 1959; x_wconf 91' lang='lat' dir='ltr'>et</span> <span class='ocrx_word' id='word_1_130' title='bbox 947 1896 1091 1959; x_wconf 89' lang='lat' dir='ltr'>continua</span> <span class='ocrx_word' id='word_1_131' title='bbox 1120 1901 1245 1976; x_wconf 90' lang='lat' dir='ltr'>propter</span> <span class='ocrx_word' id='word_1_132' title='bbox 1276 1893 1332 1972; x_wconf 90' lang='lat' dir='ltr'>rei,</span> 
     </span>
     <span class='ocr_line' id='line_1_16' title="bbox 241 1999 1333 2094; baseline -0.004 -26"><span class='ocrx_word' id='word_1_133' title='bbox 241 2021 321 2086; x_wconf 88' lang='lat' dir='ltr'>quae</span> <span class='ocrx_word' id='word_1_134' title='bbox 341 2013 490 2087; x_wconf 90' lang='lat' dir='ltr'>movetur,</span> <span class='ocrx_word' id='word_1_135' title='bbox 513 2003 589 2094; x_wconf 80' lang='grc' dir='ltr'>λόγῳ</span> <span class='ocrx_word' id='word_1_136' title='bbox 612 2015 691 2085; x_wconf 87' lang='lat' dir='ltr'>(non</span> <span class='ocrx_word' id='word_1_137' title='bbox 706 2001 722 2069; x_wconf 78' lang='grc' dir='ltr'>δ’</span> <span class='ocrx_word' id='word_1_138' title='bbox 739 2029 813 2068; x_wconf 80' lang='grc' dir='ltr'><em>ποτε</em></span> <span class='ocrx_word' id='word_1_139' title='bbox 829 1999 880 2083; x_wconf 80' lang='grc' dir='ltr'>ὅν)</span> <span class='ocrx_word' id='word_1_140' title='bbox 903 2007 1047 2070; x_wconf 90' lang='lat' dir='ltr'>unitatem</span> <span class='ocrx_word' id='word_1_141' title='bbox 1071 2002 1106 2069; x_wconf 82' lang='grc' dir='ltr'>τὸ</span> <span class='ocrx_word' id='word_1_142' title='bbox 1130 2005 1213 2086; x_wconf 87' lang='lat' dir='ltr'>prius</span> <span class='ocrx_word' id='word_1_143' title='bbox 1227 2009 1333 2087; x_wconf 90' lang='lat' dir='ltr'>poste-</span> 
     </span>
     <span class='ocr_line' id='line_1_17' title="bbox 241 2114 1333 2200; baseline -0.001 -24"><span class='ocrx_word' id='word_1_144' title='bbox 241 2114 366 2196; x_wconf 90' lang='lat' dir='ltr'>riusque</span> <span class='ocrx_word' id='word_1_145' title='bbox 389 2116 589 2200; x_wconf 72' lang='lat' dir='ltr'>adimentem,</span> <span class='ocrx_word' id='word_1_146' title='bbox 620 2117 666 2180; x_wconf 91' lang='lat' dir='ltr'>sic</span> <span class='ocrx_word' id='word_1_147' title='bbox 696 2124 813 2197; x_wconf 90' lang='lat' dir='ltr'>tempus</span> <span class='ocrx_word' id='word_1_148' title='bbox 843 2133 964 2196; x_wconf 87' lang='lat' dir='ltr'>quoque</span> <span class='ocrx_word' id='word_1_149' title='bbox 995 2132 1087 2178; x_wconf 91' lang='lat' dir='ltr'>unum</span> <span class='ocrx_word' id='word_1_150' title='bbox 1116 2121 1147 2176; x_wconf 89' lang='lat' dir='ltr'>et</span> <span class='ocrx_word' id='word_1_151' title='bbox 1179 2114 1259 2178; x_wconf 92' lang='lat' dir='ltr'>idem</span> <span class='ocrx_word' id='word_1_152' title='bbox 1286 2119 1333 2177; x_wconf 91' lang='lat' dir='ltr'>est</span> 
     </span>
     <span class='ocr_line' id='line_1_18' title="bbox 241 2223 1333 2306; baseline -0.001 -18"><span class='ocrx_word' id='word_1_153' title='bbox 241 2232 367 2306; x_wconf 88' lang='lat' dir='ltr'>propter</span> <span class='ocrx_word' id='word_1_154' title='bbox 389 2227 563 2290; x_wconf 92' lang='lat' dir='ltr'>continuam</span> <span class='ocrx_word' id='word_1_155' title='bbox 586 2229 642 2289; x_wconf 79' lang='grc' dir='ltr'>τοῦ</span> <span class='ocrx_word' id='word_1_156' title='bbox 668 2229 721 2289; x_wconf 77' lang='grc' dir='ltr'>νῦν</span> <span class='ocrx_word' id='word_1_157' title='bbox 753 2227 920 2304; x_wconf 86' lang='lat' dir='ltr'>unitatem,</span> <span class='ocrx_word' id='word_1_158' title='bbox 943 2243 1002 2306; x_wconf 88' lang='lat' dir='ltr'>quo</span> <span class='ocrx_word' id='word_1_159' title='bbox 1026 2231 1162 2306; x_wconf 89' lang='lat' dir='ltr'>tempus,</span> <span class='ocrx_word' id='word_1_160' title='bbox 1196 2230 1229 2286; x_wconf 89' lang='lat' dir='ltr'>ut</span> <span class='ocrx_word' id='word_1_161' title='bbox 1252 2223 1333 2287; x_wconf 81' lang='lat' dir='ltr'>linea</span> 
     </span>
    </p>
   </div>
   <div class='ocr_carea' id='block_1_5' title="bbox 160 2323 1335 2964">
    <p class='ocr_par' dir='ltr' id='par_1_5' title="bbox 160 2323 1335 2964">
     <span class='ocr_line' id='line_1_19' title="bbox 240 2323 1333 2422; baseline -0.002 -24"><span class='ocrx_word' id='word_1_162' title='bbox 240 2341 364 2416; x_wconf 91' lang='lat' dir='ltr'>puncto,</span> <span class='ocrx_word' id='word_1_163' title='bbox 385 2335 613 2400; x_wconf 86' lang='lat' dir='ltr'>disterminatur</span> <span class='ocrx_word' id='word_1_164' title='bbox 636 2332 827 2422; x_wconf 74' lang='grc' dir='ltr'><strong>(διῄρηται).</strong></span> <span class='ocrx_word' id='word_1_165' title='bbox 872 2335 957 2410; x_wconf 81' lang='lat' dir='ltr'>Quae</span> <span class='ocrx_word' id='word_1_166' title='bbox 980 2334 1102 2414; x_wconf 91' lang='lat' dir='ltr'>quidem</span> <span class='ocrx_word' id='word_1_167' title='bbox 1134 2323 1333 2416; x_wconf 53' lang='lat' dir='ltr'>cognatior)</span> 
     </span>
     <span class='ocr_line' id='line_1_20' title="bbox 239 2443 1334 2532; baseline -0.001 -26"><span class='ocrx_word' id='word_1_168' title='bbox 239 2444 270 2506; x_wconf 91' lang='lat' dir='ltr'>in</span> <span class='ocrx_word' id='word_1_169' title='bbox 293 2463 330 2508; x_wconf 92' lang='lat' dir='ltr'>eo</span> <span class='ocrx_word' id='word_1_170' title='bbox 353 2463 474 2527; x_wconf 87' lang='lat' dir='ltr'>quoque</span> <span class='ocrx_word' id='word_1_171' title='bbox 496 2447 642 2524; x_wconf 91' lang='lat' dir='ltr'>cernitur,</span> <span class='ocrx_word' id='word_1_172' title='bbox 666 2446 747 2527; x_wconf 92' lang='lat' dir='ltr'>quod</span> <span class='ocrx_word' id='word_1_173' title='bbox 771 2462 861 2525; x_wconf 91' lang='lat' dir='ltr'>quum</span> <span class='ocrx_word' id='word_1_174' title='bbox 883 2450 1025 2526; x_wconf 92' lang='lat' dir='ltr'>punctum</span> <span class='ocrx_word' id='word_1_175' title='bbox 1046 2443 1127 2508; x_wconf 93' lang='lat' dir='ltr'>nulla</span> <span class='ocrx_word' id='word_1_176' title='bbox 1145 2443 1334 2532; x_wconf 83' lang='lat' dir='ltr'>lineaepars</span> 
     </span>
     <span class='ocr_line' id='line_1_21' title="bbox 238 2554 1333 2637; baseline -0.003 -19"><span class='ocrx_word' id='word_1_177' title='bbox 238 2556 287 2634; x_wconf 89' lang='lat' dir='ltr'>sit,</span> <span class='ocrx_word' id='word_1_178' title='bbox 308 2574 348 2618; x_wconf 90' lang='lat' dir='ltr'>ne</span> <span class='ocrx_word' id='word_1_179' title='bbox 370 2557 428 2618; x_wconf 71' lang='grc' dir='ltr'>νῦν</span> <span class='ocrx_word' id='word_1_180' title='bbox 447 2557 568 2637; x_wconf 89' lang='lat' dir='ltr'>quidem</span> <span class='ocrx_word' id='word_1_181' title='bbox 590 2575 661 2637; x_wconf 90' lang='lat' dir='ltr'>pars</span> <span class='ocrx_word' id='word_1_182' title='bbox 683 2557 839 2636; x_wconf 89' lang='lat' dir='ltr'>temporis,</span> <span class='ocrx_word' id='word_1_183' title='bbox 864 2555 975 2618; x_wconf 87' lang='lat' dir='ltr'>nedum</span> <span class='ocrx_word' id='word_1_184' title='bbox 999 2561 1116 2636; x_wconf 87' lang='lat' dir='ltr'>tempus</span> <span class='ocrx_word' id='word_1_185' title='bbox 1139 2554 1248 2636; x_wconf 87' lang='lat' dir='ltr'>ipsum,</span> <span class='ocrx_word' id='word_1_186' title='bbox 1271 2559 1333 2629; x_wconf 84' lang='lat' dir='ltr'>est3</span> 
     </span>
     <span class='ocr_line' id='line_1_22' title="bbox 160 2656 1335 2748; baseline -0.004 -20"><span class='ocrx_word' id='word_1_187' title='bbox 160 2707 163 2714; x_wconf 79' lang='lat'>,</span> <span class='ocrx_word' id='word_1_188' title='bbox 227 2671 309 2738; x_wconf 85' lang='lat' dir='ltr'>sunt</span> <span class='ocrx_word' id='word_1_189' title='bbox 330 2665 409 2728; x_wconf 91' lang='lat' dir='ltr'>enim</span> <span class='ocrx_word' id='word_1_190' title='bbox 433 2662 470 2728; x_wconf 77' lang='lat' dir='ltr'>rol</span> <span class='ocrx_word' id='word_1_191' title='bbox 493 2667 549 2728; x_wconf 78' lang='grc' dir='ltr'>νῦν</span> <span class='ocrx_word' id='word_1_192' title='bbox 570 2656 645 2728; x_wconf 88' lang='lat' dir='ltr'>nihil</span> <span class='ocrx_word' id='word_1_193' title='bbox 669 2667 729 2729; x_wconf 91' lang='lat' dir='ltr'>nisi</span> <span class='ocrx_word' id='word_1_194' title='bbox 758 2666 818 2728; x_wconf 92' lang='lat' dir='ltr'>duo</span> <span class='ocrx_word' id='word_1_195' title='bbox 847 2666 993 2748; x_wconf 88' lang='lat' dir='ltr'>temporis</span> <span class='ocrx_word' id='word_1_196' title='bbox 1016 2670 1152 2728; x_wconf 87' lang='lat' dir='ltr'>extrema</span> <span class='ocrx_word' id='word_1_197' title='bbox 1173 2666 1335 2742; x_wconf 73' lang='grc' dir='ltr'>συμβεβη-</span> 
     </span>
     <span class='ocr_line' id='line_1_23' title="bbox 239 2773 1334 2857; baseline 0.002 -23"><span class='ocrx_word' id='word_1_198' title='bbox 239 2774 324 2840; x_wconf 77' lang='grc' dir='ltr'><strong>κότα.</strong></span> <span class='ocrx_word' id='word_1_199' title='bbox 372 2773 414 2836; x_wconf 81' lang='lat' dir='ltr'>To</span> <span class='ocrx_word' id='word_1_200' title='bbox 440 2778 495 2837; x_wconf 77' lang='grc' dir='ltr'>νῦν</span> <span class='ocrx_word' id='word_1_201' title='bbox 516 2781 627 2854; x_wconf 87' lang='lat' dir='ltr'>aulem,</span> <span class='ocrx_word' id='word_1_202' title='bbox 651 2793 741 2856; x_wconf 92' lang='lat' dir='ltr'>quum</span> <span class='ocrx_word' id='word_1_203' title='bbox 764 2782 911 2857; x_wconf 88' lang='lat' dir='ltr'>quatenus</span> <span class='ocrx_word' id='word_1_204' title='bbox 935 2781 1094 2854; x_wconf 88' lang='lat' dir='ltr'>numerat,</span> <span class='ocrx_word' id='word_1_205' title='bbox 1116 2792 1260 2838; x_wconf 90' lang='lat' dir='ltr'>numerus</span> <span class='ocrx_word' id='word_1_206' title='bbox 1282 2775 1334 2853; x_wconf 90' lang='lat' dir='ltr'>sit,</span> 
     </span>
     <span class='ocr_line' id='line_1_24' title="bbox 240 2884 1332 2964; baseline 0.001 -20"><span class='ocrx_word' id='word_1_207' title='bbox 240 2887 357 2964; x_wconf 80' lang='lat' dir='ltr'>tempus</span> <span class='ocrx_word' id='word_1_208' title='bbox 381 2888 427 2944; x_wconf 88' lang='lat' dir='ltr'>est</span> <span class='ocrx_word' id='word_1_209' title='bbox 452 2889 550 2944; x_wconf 83' lang='lat' dir='ltr'>motus</span> <span class='ocrx_word' id='word_1_210' title='bbox 572 2902 594 2947; x_wconf 91' lang='lat' dir='ltr'>s.</span> <span class='ocrx_word' id='word_1_211' title='bbox 618 2884 746 2946; x_wconf 85' lang='lat' dir='ltr'>doorom</span> <span class='ocrx_word' id='word_1_212' title='bbox 767 2903 847 2946; x_wconf 80' lang='lat' dir='ltr'>nunc</span> <span class='ocrx_word' id='word_1_213' title='bbox 874 2890 920 2963; x_wconf 87' lang='lat' dir='ltr'>(et</span> <span class='ocrx_word' id='word_1_214' title='bbox 936 2884 1055 2964; x_wconf 75' lang='lat' dir='ltr'>prioris</span> <span class='ocrx_word' id='word_1_215' title='bbox 1079 2891 1108 2946; x_wconf 90' lang='lat' dir='ltr'>et</span> <span class='ocrx_word' id='word_1_216' title='bbox 1132 2884 1332 2964; x_wconf 83' lang='lat' dir='ltr'>posterioris)</span> 
     </span>
    </p>
   </div>
   <div class='ocr_carea' id='block_1_6' title="bbox 238 3075 1334 3237">
    <p class='ocr_par' dir='ltr' id='par_1_6' title="bbox 238 3075 1334 3237">
     <span class='ocr_line' id='line_1_25' title="bbox 341 3075 1334 3159; baseline 0.001 -23"><span class='ocrx_word' id='word_1_217' title='bbox 341 3084 389 3156; x_wconf 75' lang='lat'>24)</span> <span class='ocrx_word' id='word_1_218' title='bbox 408 3084 488 3152; x_wconf 76' lang='lat' dir='ltr'>Phys.</span> <span class='ocrx_word' id='word_1_219' title='bbox 506 3085 551 3152; x_wconf 88' lang='lat' dir='ltr'>lv,</span> <span class='ocrx_word' id='word_1_220' title='bbox 574 3086 621 3136; x_wconf 90' lang='lat' dir='ltr'>ll:</span> <span class='ocrx_word' id='word_1_221' title='bbox 650 3075 667 3159; x_wconf 78' lang='grc' dir='ltr'><strong><em>ᾖ</em></strong></span> <span class='ocrx_word' id='word_1_222' title='bbox 690 3080 848 3158; x_wconf 73' lang='grc' dir='ltr'><strong>ἄριθμηιὸν</strong></span> <span class='ocrx_word' id='word_1_223' title='bbox 867 3079 897 3140; x_wconf 69' lang='lat' dir='ltr'>rt</span> <span class='ocrx_word' id='word_1_224' title='bbox 917 3085 1059 3157; x_wconf 75' lang='grc' dir='ltr'>πρότερον</span> <span class='ocrx_word' id='word_1_225' title='bbox 1081 3089 1128 3138; x_wconf 78' lang='grc' dir='ltr'>καὶ</span> <span class='ocrx_word' id='word_1_226' title='bbox 1158 3083 1276 3156; x_wconf 73' lang='grc' dir='ltr'><em>ὕστερον</em></span> <span class='ocrx_word' id='word_1_227' title='bbox 1303 3080 1334 3137; x_wconf 68' lang='lat' dir='ltr'>ro*</span> 
     </span>
     <span class='ocr_line' id='line_1_26' title="bbox 238 3181 397 3237; baseline -0.031 -1"><span class='ocrx_word' id='word_1_228' title='bbox 238 3181 292 3236; x_wconf 79' lang='grc' dir='ltr'>νῦν</span> <span class='ocrx_word' id='word_1_229' title='bbox 311 3183 397 3237; x_wconf 71' lang='grc' dir='ltr'><strong>ἐστιν.</strong></span> 
     </span>
    </p>
   </div>
   <div class='ocr_carea' id='block_1_7' title="bbox 337 3273 1432 3344">
    <p class='ocr_par' dir='ltr' id='par_1_7' title="bbox 337 3273 1432 3344">
     <span class='ocr_line' id='line_1_27' title="bbox 337 3273 1432 3344; baseline 0.001 -17"><span class='ocrx_word' id='word_1_230' title='bbox 337 3277 386 3344; x_wconf 80' lang='lat'>25)</span> <span class='ocrx_word' id='word_1_231' title='bbox 408 3274 506 3338; x_wconf 85' lang='lat' dir='ltr'>Quodsi</span> <span class='ocrx_word' id='word_1_232' title='bbox 533 3273 564 3330; x_wconf 86' lang='grc' dir='ltr'>ιό</span> <span class='ocrx_word' id='word_1_233' title='bbox 593 3278 663 3342; x_wconf 81' lang='grc' dir='ltr'>νῦν,</span> <span class='ocrx_word' id='word_1_234' title='bbox 689 3283 796 3329; x_wconf 86' lang='lat' dir='ltr'>auctore</span> <span class='ocrx_word' id='word_1_235' title='bbox 819 3277 979 3342; x_wconf 83' lang='lat' dir='ltr'>Aristotele,</span> <span class='ocrx_word' id='word_1_236' title='bbox 1009 3276 1130 3327; x_wconf 90' lang='lat' dir='ltr'>omnibus</span> <span class='ocrx_word' id='word_1_237' title='bbox 1157 3277 1184 3326; x_wconf 93' lang='lat' dir='ltr'>in</span> <span class='ocrx_word' id='word_1_238' title='bbox 1215 3275 1337 3342; x_wconf 89' lang='lat' dir='ltr'>partibus</span> <span class='ocrx_word' id='word_1_239' title='bbox 1431 3323 1432 3338; x_wconf 67' lang='lat'>,</span> 
     </span>
    </p>
   </div>
   <div class='ocr_carea' id='block_1_8' title="bbox 237 3370 1339 3825">
    <p class='ocr_par' dir='ltr' id='par_1_8' title="bbox 237 3370 1339 3825">
     <span class='ocr_line' id='line_1_28' title="bbox 238 3370 1337 3441; baseline 0.002 -21"><span class='ocrx_word' id='word_1_240' title='bbox 238 3376 336 3437; x_wconf 88' lang='lat' dir='ltr'>puncto</span> <span class='ocrx_word' id='word_1_241' title='bbox 354 3371 510 3439; x_wconf 85' lang='lat' dir='ltr'>respondet,</span> <span class='ocrx_word' id='word_1_242' title='bbox 531 3387 642 3423; x_wconf 87' lang='lat' dir='ltr'>necesse</span> <span class='ocrx_word' id='word_1_243' title='bbox 661 3379 701 3422; x_wconf 84' lang='lat' dir='ltr'>est</span> <span class='ocrx_word' id='word_1_244' title='bbox 719 3388 796 3441; x_wconf 89' lang='lat' dir='ltr'>quum</span> <span class='ocrx_word' id='word_1_245' title='bbox 817 3381 955 3440; x_wconf 89' lang='lat' dir='ltr'>punctum,</span> <span class='ocrx_word' id='word_1_246' title='bbox 976 3379 1103 3441; x_wconf 87' lang='lat' dir='ltr'>quatenus</span> <span class='ocrx_word' id='word_1_247' title='bbox 1123 3370 1217 3423; x_wconf 88' lang='lat' dir='ltr'>dividit</span> <span class='ocrx_word' id='word_1_248' title='bbox 1235 3371 1337 3424; x_wconf 88' lang='lat' dir='ltr'>lineam</span> 
     </span>
     <span class='ocr_line' id='line_1_29' title="bbox 237 3466 1336 3537; baseline 0.002 -20"><span class='ocrx_word' id='word_1_249' title='bbox 237 3466 379 3536; x_wconf 86' lang='lat' dir='ltr'>lineaeque</span> <span class='ocrx_word' id='word_1_250' title='bbox 397 3468 475 3518; x_wconf 85' lang='lat' dir='ltr'>unius</span> <span class='ocrx_word' id='word_1_251' title='bbox 491 3467 610 3532; x_wconf 92' lang='lat' dir='ltr'>initium,</span> <span class='ocrx_word' id='word_1_252' title='bbox 631 3469 758 3519; x_wconf 85' lang='lat' dir='ltr'>terminus</span> <span class='ocrx_word' id='word_1_253' title='bbox 783 3469 891 3522; x_wconf 82' lang='lat' dir='ltr'>alterius</span> <span class='ocrx_word' id='word_1_254' title='bbox 913 3476 1035 3537; x_wconf 78' lang='lat' dir='ltr'>apparet,</span> <span class='ocrx_word' id='word_1_255' title='bbox 1055 3469 1178 3519; x_wconf 76' lang='lat' dir='ltr'>consistat</span> <span class='ocrx_word' id='word_1_256' title='bbox 1203 3468 1336 3536; x_wconf 88' lang='lat' dir='ltr'>quodam-</span> 
     </span>
     <span class='ocr_line' id='line_1_30' title="bbox 237 3561 1339 3635; baseline 0.002 -23"><span class='ocrx_word' id='word_1_257' title='bbox 237 3561 315 3613; x_wconf 90' lang='lat' dir='ltr'>modo</span> <span class='ocrx_word' id='word_1_258' title='bbox 336 3570 362 3614; x_wconf 88' lang='lat' dir='ltr'>et</span> <span class='ocrx_word' id='word_1_259' title='bbox 382 3564 510 3630; x_wconf 77' lang='lat' dir='ltr'>quiescat,</span> <span class='ocrx_word' id='word_1_260' title='bbox 529 3563 597 3615; x_wconf 91' lang='lat' dir='ltr'>idem</span> <span class='ocrx_word' id='word_1_261' title='bbox 618 3565 655 3635; x_wconf 75' lang='grc' dir='ltr'>τῷ</span> <span class='ocrx_word' id='word_1_262' title='bbox 672 3565 725 3620; x_wconf 76' lang='grc' dir='ltr'>νῦν</span> <span class='ocrx_word' id='word_1_263' title='bbox 745 3568 901 3630; x_wconf 83' lang='lat' dir='ltr'>conveniat,</span> <span class='ocrx_word' id='word_1_264' title='bbox 926 3568 1023 3634; x_wconf 88' lang='lat' dir='ltr'>quippe</span> <span class='ocrx_word' id='word_1_265' title='bbox 1043 3567 1117 3616; x_wconf 89' lang='lat' dir='ltr'>culus</span> <span class='ocrx_word' id='word_1_266' title='bbox 1137 3565 1234 3631; x_wconf 86' lang='lat' dir='ltr'>pariter</span> <span class='ocrx_word' id='word_1_267' title='bbox 1252 3565 1286 3614; x_wconf 89' lang='lat' dir='ltr'>sit</span> <span class='ocrx_word' id='word_1_268' title='bbox 1309 3573 1339 3615; x_wconf 90' lang='lat' dir='ltr'>et</span> 
     </span>
     <span class='ocr_line' id='line_1_31' title="bbox 239 3657 1339 3730; baseline 0.003 -22"><span class='ocrx_word' id='word_1_269' title='bbox 239 3657 336 3710; x_wconf 86' lang='lat' dir='ltr'>divisio</span> <span class='ocrx_word' id='word_1_270' title='bbox 357 3665 383 3710; x_wconf 90' lang='lat' dir='ltr'>et</span> <span class='ocrx_word' id='word_1_271' title='bbox 402 3659 562 3710; x_wconf 87' lang='lat' dir='ltr'>continuitas</span> <span class='ocrx_word' id='word_1_272' title='bbox 581 3662 693 3727; x_wconf 89' lang='lat' dir='ltr'>propn&#39;a.</span> <span class='ocrx_word' id='word_1_273' title='bbox 730 3661 763 3712; x_wconf 90' lang='lat' dir='ltr'>Et</span> <span class='ocrx_word' id='word_1_274' title='bbox 777 3669 864 3714; x_wconf 90' lang='lat' dir='ltr'>lamen</span> <span class='ocrx_word' id='word_1_275' title='bbox 883 3669 964 3730; x_wconf 81' lang='lat' dir='ltr'>negat</span> <span class='ocrx_word' id='word_1_276' title='bbox 974 3661 1142 3726; x_wconf 82' lang='lat' dir='ltr'>Aristoteles,</span> <span class='ocrx_word' id='word_1_277' title='bbox 1162 3660 1192 3715; x_wconf 89' lang='grc' dir='ltr'>ιὸ</span> <span class='ocrx_word' id='word_1_278' title='bbox 1211 3663 1339 3716; x_wconf 72' lang='lat' dir='ltr'>edvesse</span> 
     </span>
     <span class='ocr_line' id='line_1_32' title="bbox 237 3756 1338 3825; baseline 0.004 -21"><span class='ocrx_word' id='word_1_279' title='bbox 237 3769 374 3806; x_wconf 88' lang='lat' dir='ltr'>numerum</span> <span class='ocrx_word' id='word_1_280' title='bbox 393 3756 584 3808; x_wconf 66' lang='lat' dir='ltr'>consmtctttium</span> <span class='ocrx_word' id='word_1_281' title='bbox 602 3757 670 3807; x_wconf 89' lang='lat' dir='ltr'>initii</span> <span class='ocrx_word' id='word_1_282' title='bbox 692 3757 805 3825; x_wconf 86' lang='lat' dir='ltr'>finisque</span> <span class='ocrx_word' id='word_1_283' title='bbox 824 3758 953 3825; x_wconf 82' lang='lat' dir='ltr'>partium3</span> <span class='ocrx_word' id='word_1_284' title='bbox 979 3756 1042 3808; x_wconf 90' lang='lat' dir='ltr'>dicit</span> <span class='ocrx_word' id='word_1_285' title='bbox 1060 3764 1163 3822; x_wconf 91' lang='lat' dir='ltr'>contra,</span> <span class='ocrx_word' id='word_1_286' title='bbox 1187 3757 1252 3808; x_wconf 91' lang='lat' dir='ltr'>illud</span> <span class='ocrx_word' id='word_1_287' title='bbox 1273 3773 1338 3809; x_wconf 89' lang='lat' dir='ltr'>esse</span> 
     </span>
    </p>
   </div>
   <div class='ocr_carea' id='block_1_9' title="bbox 237 3849 1431 3932">
    <p class='ocr_par' dir='ltr' id='par_1_9' title="bbox 237 3849 1431 3932">
     <span class='ocr_line' id='line_1_33' title="bbox 237 3849 1431 3932; baseline 0.002 -30"><span class='ocrx_word' id='word_1_288' title='bbox 237 3850 349 3917; x_wconf 86' lang='lat' dir='ltr'>simplex</span> <span class='ocrx_word' id='word_1_289' title='bbox 375 3849 578 3919; x_wconf 87' lang='lat' dir='ltr'>appellandum,</span> <span class='ocrx_word' id='word_1_290' title='bbox 605 3854 655 3920; x_wconf 89' lang='lat' dir='ltr'>ipsi</span> <span class='ocrx_word' id='word_1_291' title='bbox 682 3854 770 3905; x_wconf 89' lang='lat' dir='ltr'>simile</span> <span class='ocrx_word' id='word_1_292' title='bbox 798 3853 842 3906; x_wconf 89' lang='lat' dir='ltr'>vel</span> <span class='ocrx_word' id='word_1_293' title='bbox 867 3855 997 3921; x_wconf 87' lang='lat' dir='ltr'>principio</span> <span class='ocrx_word' id='word_1_294' title='bbox 1025 3853 1069 3905; x_wconf 90' lang='lat' dir='ltr'>vel</span> <span class='ocrx_word' id='word_1_295' title='bbox 1097 3855 1208 3905; x_wconf 89' lang='lat' dir='ltr'>termino</span> <span class='ocrx_word' id='word_1_296' title='bbox 1233 3852 1336 3919; x_wconf 86' lang='lat' dir='ltr'>lineae,</span> <span class='ocrx_word' id='word_1_297' title='bbox 1430 3909 1431 3932; x_wconf 28' lang='lat'>1</span> 
     </span>
    </p>
   </div>
   <div class='ocr_carea' id='block_1_10' title="bbox 233 3949 1337 4404">
    <p class='ocr_par' dir='ltr' id='par_1_10' title="bbox 233 3949 1337 4404">
     <span class='ocr_line' id='line_1_34' title="bbox 237 3949 1335 4017; baseline 0.003 -20"><span class='ocrx_word' id='word_1_298' title='bbox 237 3953 366 4014; x_wconf 87' lang='lat' dir='ltr'>quatenus</span> <span class='ocrx_word' id='word_1_299' title='bbox 386 3963 433 4016; x_wconf 92' lang='lat' dir='ltr'>per</span> <span class='ocrx_word' id='word_1_300' title='bbox 451 3963 480 4001; x_wconf 89' lang='lat' dir='ltr'>se</span> <span class='ocrx_word' id='word_1_301' title='bbox 500 3951 552 4001; x_wconf 88' lang='lat' dir='ltr'>sint</span> <span class='ocrx_word' id='word_1_302' title='bbox 571 3957 597 4001; x_wconf 89' lang='lat' dir='ltr'>et</span> <span class='ocrx_word' id='word_1_303' title='bbox 615 3949 735 4002; x_wconf 86' lang='lat' dir='ltr'>absolute</span> <span class='ocrx_word' id='word_1_304' title='bbox 754 3949 900 4017; x_wconf 83' lang='lat' dir='ltr'>simplicia3</span> <span class='ocrx_word' id='word_1_305' title='bbox 919 3949 1020 4001; x_wconf 90' lang='lat' dir='ltr'>nullum</span> <span class='ocrx_word' id='word_1_306' title='bbox 1041 3957 1128 4001; x_wconf 85' lang='lat' dir='ltr'>autem</span> <span class='ocrx_word' id='word_1_307' title='bbox 1148 3965 1207 4001; x_wconf 85' lang='lat' dir='ltr'>esse</span> <span class='ocrx_word' id='word_1_308' title='bbox 1226 3957 1335 4016; x_wconf 86' lang='lat' dir='ltr'>tempo-</span> 
     </span>
     <span class='ocr_line' id='line_1_35' title="bbox 234 4029 1336 4114; baseline 0.002 -20"><span class='ocrx_word' id='word_1_309' title='bbox 234 4045 270 4094; x_wconf 92' lang='lat' dir='ltr'>ris</span> <span class='ocrx_word' id='word_1_310' title='bbox 289 4053 429 4111; x_wconf 89' lang='lat' dir='ltr'>punctum,</span> <span class='ocrx_word' id='word_1_311' title='bbox 448 4029 476 4097; x_wconf 88' lang='lat' dir='ltr'>in</span> <span class='ocrx_word' id='word_1_312' title='bbox 495 4061 547 4114; x_wconf 93' lang='lat' dir='ltr'>quo</span> <span class='ocrx_word' id='word_1_313' title='bbox 566 4054 637 4097; x_wconf 81' lang='lat' dir='ltr'>stare</span> <span class='ocrx_word' id='word_1_314' title='bbox 657 4045 758 4112; x_wconf 88' lang='lat' dir='ltr'>aliquid</span> <span class='ocrx_word' id='word_1_315' title='bbox 777 4045 893 4111; x_wconf 85' lang='lat' dir='ltr'>dicatur,</span> <span class='ocrx_word' id='word_1_316' title='bbox 913 4047 1036 4114; x_wconf 86' lang='lat' dir='ltr'>quoniam</span> <span class='ocrx_word' id='word_1_317' title='bbox 1059 4054 1145 4097; x_wconf 83' lang='lat' dir='ltr'>motus</span> <span class='ocrx_word' id='word_1_318' title='bbox 1174 4053 1336 4113; x_wconf 83' lang='lat' dir='ltr'>tempusque</span> 
     </span>
     <span class='ocr_line' id='line_1_36' title="bbox 234 4141 1335 4210; baseline 0.001 -20"><span class='ocrx_word' id='word_1_319' title='bbox 234 4141 288 4191; x_wconf 85' lang='lat' dir='ltr'>sint</span> <span class='ocrx_word' id='word_1_320' title='bbox 308 4143 432 4193; x_wconf 86' lang='lat' dir='ltr'>continua</span> <span class='ocrx_word' id='word_1_321' title='bbox 454 4150 481 4194; x_wconf 86' lang='lat' dir='ltr'>et</span> <span class='ocrx_word' id='word_1_322' title='bbox 501 4141 604 4192; x_wconf 84' lang='lat' dir='ltr'>infinite</span> <span class='ocrx_word' id='word_1_323' title='bbox 624 4141 732 4192; x_wconf 86' lang='lat' dir='ltr'>dividua</span> <span class='ocrx_word' id='word_1_324' title='bbox 752 4141 801 4207; x_wconf 86' lang='lat' dir='ltr'>(cl.</span> <span class='ocrx_word' id='word_1_325' title='bbox 824 4141 901 4208; x_wconf 78' lang='lat' dir='ltr'>Phys.</span> <span class='ocrx_word' id='word_1_326' title='bbox 918 4141 963 4204; x_wconf 91' lang='lat' dir='ltr'>lV,</span> <span class='ocrx_word' id='word_1_327' title='bbox 987 4143 1035 4207; x_wconf 84' lang='lat'>13;</span> <span class='ocrx_word' id='word_1_328' title='bbox 1057 4143 1104 4206; x_wconf 82' lang='lat' dir='ltr'>Vl,</span> <span class='ocrx_word' id='word_1_329' title='bbox 1127 4143 1218 4210; x_wconf 76' lang='lat'><strong>7-9).</strong></span> <span class='ocrx_word' id='word_1_330' title='bbox 1257 4141 1335 4204; x_wconf 85' lang='lat' dir='ltr'>Quae</span> 
     </span>
     <span class='ocr_line' id='line_1_37' title="bbox 233 4238 1337 4308; baseline 0.003 -21"><span class='ocrx_word' id='word_1_331' title='bbox 233 4243 319 4288; x_wconf 83' lang='lat' dir='ltr'>tamen</span> <span class='ocrx_word' id='word_1_332' title='bbox 339 4240 515 4306; x_wconf 87' lang='lat' dir='ltr'>discrepantia</span> <span class='ocrx_word' id='word_1_333' title='bbox 540 4246 592 4289; x_wconf 87' lang='lat' dir='ltr'>tam</span> <span class='ocrx_word' id='word_1_334' title='bbox 614 4245 729 4305; x_wconf 87' lang='lat' dir='ltr'>apertam</span> <span class='ocrx_word' id='word_1_335' title='bbox 750 4238 829 4290; x_wconf 90' lang='lat' dir='ltr'>habet</span> <span class='ocrx_word' id='word_1_336' title='bbox 854 4242 880 4290; x_wconf 93' lang='lat' dir='ltr'>in</span> <span class='ocrx_word' id='word_1_337' title='bbox 908 4240 1012 4290; x_wconf 83' lang='lat' dir='ltr'>diuersa</span> <span class='ocrx_word' id='word_1_338' title='bbox 1038 4239 1126 4292; x_wconf 90' lang='lat' dir='ltr'>lineae</span> <span class='ocrx_word' id='word_1_339' title='bbox 1151 4241 1337 4308; x_wconf 88' lang='lat' dir='ltr'>temporisque</span> 
     </span>
     <span class='ocr_line' id='line_1_38' title="bbox 234 4334 1223 4404; baseline 0 -16"><span class='ocrx_word' id='word_1_340' title='bbox 234 4340 325 4388; x_wconf 85' lang='lat' dir='ltr'>natura</span> <span class='ocrx_word' id='word_1_341' title='bbox 343 4335 558 4404; x_wconf 85' lang='lat' dir='ltr'>explicationem,</span> <span class='ocrx_word' id='word_1_342' title='bbox 575 4343 604 4386; x_wconf 85' lang='lat' dir='ltr'>ut</span> <span class='ocrx_word' id='word_1_343' title='bbox 623 4337 651 4386; x_wconf 87' lang='lat' dir='ltr'>in</span> <span class='ocrx_word' id='word_1_344' title='bbox 670 4335 821 4387; x_wconf 86' lang='lat' dir='ltr'>memoriam</span> <span class='ocrx_word' id='word_1_345' title='bbox 843 4334 870 4386; x_wconf 89' lang='lat' dir='ltr'>id</span> <span class='ocrx_word' id='word_1_346' title='bbox 888 4349 1015 4388; x_wconf 87' lang='lat' dir='ltr'>revocare</span> <span class='ocrx_word' id='word_1_347' title='bbox 1033 4337 1078 4390; x_wconf 84' lang='lat' dir='ltr'>vix</span> <span class='ocrx_word' id='word_1_348' title='bbox 1096 4351 1162 4404; x_wconf 89' lang='lat' dir='ltr'>opus</span> <span class='ocrx_word' id='word_1_349' title='bbox 1181 4339 1223 4390; x_wconf 86' lang='lat' dir='ltr'>sit.</span> 
     </span>
    </p>
   </div>
   <div class='ocr_carea' id='block_1_11' title="bbox 0 0 1460 4698">
    <p class='ocr_par' dir='ltr' id='par_1_11' title="bbox 0 0 1460 4698">
     <span class='ocr_line' id='line_1_39' title="bbox 0 0 1460 4698; baseline 0 1"><span class='ocrx_word' id='word_1_350' title='bbox 0 0 1460 4698; x_wconf 95' lang='lat' dir='ltr'> </span> 
     </span>
    </p>
   </div>
  </div>
 </body>
</html>
