2910 4698
263 309 286 356 κ
652 271 859 328 ..Ἁκ-

312 447 334 508 l.
378 445 561 526 Incipiamus
582 446 674 527 igitur
706 464 723 508 a
751 445 860 524 spatio.
913 445 979 507 lloc
1012 443 1092 504 enim
1121 440 1305 504 Aristoteles

214 559 299 616 recte
327 553 420 632 dicit,
449 572 547 635 neque
579 572 692 635 corpus
719 572 788 617 esse
821 571 919 633 neque
950 552 1039 615 buius
1071 549 1309 631 receptaculum,

213 662 419 744 tantidemque
447 663 656 726 abborrerea
688 680 780 726 causa
811 680 931 739 rerum,
964 666 1106 743 quantum
1136 677 1152 720 a
1181 659 1311 722 materia

211 771 339 836 huiusve
363 772 463 853 aliqua
492 778 598 852 parte3
629 773 760 852 denique
783 773 813 833 in
841 789 879 834 eo
901 769 976 832 nihil
998 770 1117 831 versari
1139 768 1199 830 nisi
1225 767 1307 849 quod

211 882 250 944 sit
271 887 369 944 motus
392 883 555 963 particeps.
607 883 683 945 Nam
711 881 810 962 quoad
840 879 1009 961 proximum
1034 878 1161 955 attinet,
1188 881 1310 940 constat

210 990 291 1052 inter
314 1008 382 1068 nos,
407 992 534 1070 spatium
556 991 615 1052 nisi
637 1010 704 1053 cum
724 996 871 1070 tempore,
892 988 973 1069 quod
996 993 1079 1050 motu
1092 987 1205 1064 nititur,
1228 1002 1307 1048 con·
1439 1027 1440 1032 η

204 1099 342 1165 iunctum
362 1117 510 1180 nusquam
532 1101 673 1180 reperiri.

310 1208 385 1272 Sunt
409 1207 632 1287 adtemptare,
658 1207 688 1268 in
712 1207 820 1288 quibus
843 1206 881 1268 ab
906 1205 1074 1269 Aristotele
1102 1222 1163 1266 non
1192 1219 1308 1284 possu-
1395 1241 1400 1248 -

174 1341 177 1349 ·
213 1335 278 1380 ntus
302 1334 364 1378 non
387 1316 569 1379 discedere:

279 1428 312 1504 1)
346 1427 384 1492 Et
414 1427 543 1507 primum
573 1425 693 1506 quidem
725 1443 783 1488 nee
817 1424 952 1488 delinitio
986 1423 1064 1502 loci,
1098 1423 1148 1503 qui
1178 1423 1218 1485 sit
1251 1441 1310 1484 ex-

219 1543 345 1601 tremum
380 1555 407 1600 s.
448 1535 610 1600 immobilis
651 1535 836 1597 continentis
873 1535 1012 1615 corporis
1051 1533 1219 1610 terminus,
1252 1549 1312 1594 nec

212 1646 380 1723 sententia,
413 1644 514 1708 locum
552 1663 621 1708 esse
658 1644 773 1721 tribus,
808 1650 842 1705 ut
877 1660 1025 1724 corpora,
1061 1641 1305 1730 dimensionibus

209 1754 397 1834 praeditum,
427 1772 495 1816 cum
524 1760 628 1818 nostra
660 1753 800 1815 doctrina
828 1752 982 1814 convenit.
1033 1750 1120 1814 Nulla
1150 1756 1196 1812 est
1225 1749 1306 1811 enim

209 1865 337 1945 spatium
359 1863 556 1944 superficies,
587 1863 696 1944 quippe
724 1881 801 1943 quae
831 1862 899 1925 sine
928 1860 1077 1924 materiali
1104 1859 1302 1925 subsistentia

210 1972 340 2054 cogitari
362 1973 414 2034 vix
436 1977 538 2052 queat,
561 1990 660 2052 neque
685 1973 725 2034 ita
750 1977 973 2052 comparatum,
992 1976 1025 2032 ut
1047 1988 1157 2050 corpus
1182 1969 1305 2050 quidem

210 2083 241 2144 in
265 2101 302 2145 co
325 2089 475 2160 versetur,
496 2082 583 2145 huius
605 2089 704 2145 autem
720 2089 822 2163 partes
844 2082 943 2144 minus
950 2103 959 2158 3
980 2079 1036 2144 sed
1051 2084 1178 2155 ⁸constat
1198 2097 1307 2142 essen-

211 2194 270 2256 tiae
294 2193 409 2271 torma,
433 2211 511 2273 quae
534 2193 668 2255 cuiusvis
691 2193 769 2254 entis
797 2192 938 2272 propria,
962 2189 1101 2270 corporis
1124 2188 1307 2268 quantulae-

210 2319 329 2383 cunque
352 2321 413 2365 non
440 2303 520 2365 desit
546 2300 722 2382 particulae.
776 2301 914 2363 Alterum
946 2299 1040 2378 illud,
1064 2299 1143 2380 quod
1176 2299 1306 2379 spatium

210 2417 256 2474 est
285 2413 382 2475 tribus
415 2411 655 2474 dimensionibus
684 2411 872 2491 praeditum,
904 2410 935 2471 in
966 2427 1057 2472 omne
1088 2409 1177 2490 spatii
1207 2426 1305 2490 genus

211 2538 272 2584 non
295 2522 442 2602 quadrat,
472 2523 528 2584 sed
556 2522 586 2582 in
609 2527 737 2583 naturae
761 2526 874 2582 tantum
904 2520 1004 2582 locum
1027 2518 1230 2596 materialem,
1254 2524 1306 2581 ut-

210 2637 280 2711 pote
305 2632 355 2712 qui
379 2632 444 2712 ipsa
479 2649 640 2712 corporum
674 2630 854 2694 extensione
882 2631 948 2692 sive
979 2629 1174 2710 porrectione
1203 2627 1307 2690 conti-

212 2745 317 2816 netur,
341 2757 404 2801 non
427 2741 513 2820 quasi
533 2748 654 2820 praeter
682 2741 784 2802 locum
815 2756 945 2818 corpora
976 2738 1123 2819 triplicem
1150 2738 1231 2801 illam
1255 2737 1306 2800 di-

212 2849 403 2911 mensionem
423 2847 580 2911 baberent.
745 2838 749 2844 ’

272 2959 305 3031 2)
330 2957 466 3035 Deinde,
490 2965 521 3020 ot
545 2976 629 3020 mera
654 2958 751 3020 lomna
775 2963 804 3020 et
838 2956 974 3019 conditio
1002 2956 1202 3035 existentiae,
1231 2974 1307 3037 spa-

210 3068 283 3130 tium
306 3069 436 3130 maxime
459 3067 589 3130 alienum
613 3073 659 3128 est
681 3066 717 3128 ab
743 3065 801 3127 ulla
825 3066 855 3128 vi
875 3083 1005 3146 corpora
1029 3065 1216 3127 continendi.
1251 3066 1304 3128 Vis

212 3177 291 3238 enim
313 3184 360 3240 est
383 3177 482 3257 aliqua
504 3177 645 3256 principii
670 3175 885 3253 manifestatio,
907 3181 937 3237 et
959 3181 1059 3238 tamen
1082 3175 1210 3255 spatium
1232 3174 1307 3236 nihil

212 3290 259 3348 est
281 3285 339 3346 nisi
361 3285 458 3346 torma
480 3284 746 3348 manifestationis.

273 3393 308 3472 3)
332 3393 436 3473 Neque
458 3393 558 3455 minus
586 3411 603 3454 a
636 3397 739 3453 nostra
769 3390 915 3454 abhorret
941 3388 1115 3452 Aristotelis
1144 3393 1306 3470 sententia,

214 3505 341 3584 spatium
363 3503 484 3584 seiungi
508 3522 525 3564 a
546 3502 638 3564 rebus
659 3519 761 3581 posse,
784 3518 862 3580 quae
885 3506 946 3562 tum
966 3501 997 3561 in
1020 3500 1089 3562 loco
1114 3501 1191 3578 sint,
1216 3519 1306 3583 quum

212 3613 272 3674 alio
295 3629 426 3691 corpore
449 3607 599 3673 liniantur.
644 3609 722 3684 Quid
745 3611 851 3672 enim?
894 3611 987 3671 Estne
1008 3608 1135 3689 spatium
1158 3609 1305 3671 substan-

212 3719 283 3784 tiale
308 3718 449 3799 quiddam
472 3737 528 3798 per
555 3737 590 3781 se
616 3719 768 3797 existens,
792 3717 910 3779 etiamsi
933 3717 1014 3779 nulla
1042 3735 1203 3798 corporum
1226 3719 1305 3780 ratio

211 3828 383 3892 habeatur?
436 3828 559 3890 Minime
592 3845 688 3889 vero:
726 3845 796 3888 narn
831 3827 929 3888 forma
964 3825 1090 3907 quaevis
1129 3832 1159 3886 et
1197 3828 1307 3890 modus

213 3953 333 4000 omnem
354 3933 454 4015 perdit
475 3935 536 3996 vim
558 3941 587 3995 et
609 3934 874 4016 significationem,
897 3933 1076 4014 simulatque
1097 3951 1114 3994 a
1135 3951 1171 3994 re
1194 3953 1307 4015 segre-

210 4045 332 4128 gater
355 4045 543 4124 Quamquam
567 4045 655 4122 quum
677 4041 738 4102 hoc
762 4041 844 4119 dico,
868 4041 961 4104 nolim
983 4041 1126 4121 infitiari,
1152 4041 1306 4106 bominem

209 4171 229 4218 ‘a
254 4150 422 4218 substantia
457 4152 543 4234 quasi
573 4149 753 4214 subtrahere
783 4168 875 4231 posse
907 4150 995 4231 spatii
1027 4149 1194 4228 nemnem,
1225 4145 1305 4231 quae

210 4271 310 4329 tamen
339 4264 381 4328 nil
408 4263 470 4328 nisi
502 4261 671 4327 communis
701 4258 781 4324 illins
811 4259 977 4341 cogitatio,
1008 4257 1197 4342 nequaquam
1227 4275 1304 4324 vero
