2910 4698
592 305 798 366 ,ῃ-

251 485 336 559 Quae
359 501 449 564 quum
471 482 512 546 its
535 484 604 562 sint,
628 489 727 564 petet,
754 484 904 564 duplicem
926 484 1007 548 illem
1030 485 1158 547 tutionis
1183 502 1244 548 vo-

148 595 334 675 luntatisque
366 593 539 656 fucultatem
569 595 598 654 in
627 596 728 656 animo
758 595 805 656 sui
835 595 961 657 conscio
994 596 1121 656 olterom
1156 595 1244 655 inmo

149 705 279 766 ottonom
306 703 410 765 inesse
440 703 482 764 ool
513 721 628 763 omnem
655 703 887 781 perpetuitatem
895 721 906 774 ,·
937 703 1018 766 unde
1050 703 1243 784 perspicuum

151 814 401 895 exploratumque
425 819 486 890 est,
512 813 644 874 animum
666 812 809 873 exhihere
835 830 925 891 posim
952 813 1094 892 temporis
1114 814 1244 893 sormam

148 924 169 984 i.
195 941 222 984 e.
252 921 424 982 continuom
448 921 559 982 uirium
583 922 732 1002 operatium
758 921 997 1000 successionem,
1024 928 1085 984 tum
1113 922 1244 1001 spolium

147 1033 167 1094 i.
198 1051 224 1094 e.
254 1031 378 1092 localem
403 1031 678 1110 phoenomenorum
697 1031 785 1093 insto
811 1049 845 1092 se
875 1031 1003 1093 inuicem
1032 1032 1245 1093 collocutorum

148 1141 348 1204 conditionem
364 1146 417 1216 ¹⁷).

248 1251 283 1324 5)
300 1249 397 1323 Quium
411 1250 470 1312 iem
486 1255 516 1312 et
529 1250 726 1330 temporalem
741 1256 770 1312 et
785 1250 914 1312 localem
931 1251 1061 1313 animum
1084 1269 1153 1314 esse
1169 1250 1243 1312 selis

151 1359 330 1437 evidenter,
354 1365 386 1420 ut
410 1359 482 1421 mihi
504 1359 643 1438 videtur,
668 1377 829 1422 excussum
852 1360 908 1438 sit,
932 1360 1020 1423 eitius
1044 1377 1100 1422 nos
1122 1365 1244 1439 oportet

151 1469 182 1530 in
209 1469 289 1531 illius
319 1475 456 1532 naturam
487 1475 660 1549 penetrare.
716 1469 790 1531 Prae
822 1469 961 1531 omnibus
997 1470 1077 1531 enirn
1111 1469 1241 1532 dubitari

148 1579 261 1659 nequit,
287 1579 359 1658 quin
382 1597 441 1640 nec
464 1579 592 1659 spatium
615 1578 688 1640 illud
712 1579 752 1640 sit
774 1580 932 1640 materiale
948 1585 1073 1660 propter
1095 1579 1186 1642 enimi
1204 1577 1242 1642 sb

148 1691 232 1752 omni
267 1707 417 1770 corpores
447 1689 527 1752 mole
557 1689 774 1751 immunitatem
805 1706 863 1750 nec
896 1695 1011 1769 tenipus
1045 1689 1084 1751 ob
1114 1689 1243 1752 eundem

149 1799 300 1860 rationem
324 1800 481 1863 successio
504 1799 603 1880 eliqua
627 1799 833 1877 corporalium
860 1804 1005 1861 motuum.
1049 1800 1117 1880 lpse
1141 1805 1241 1862 eutem

150 1905 243 1969 enimi
266 1906 385 1971 indoles
407 1928 443 1971 sc
470 1907 674 1973 manifestatio
699 1914 833 1986 monent,
856 1913 942 1970 recte
958 1914 992 1970 ut
1011 1913 1170 1989 utrumque
1193 1909 1243 1971 di-

141 2100 445 2120 m

148 2222 262 2274 sondern
287 2223 331 2274 ein
357 2221 496 2274 setzendes
521 2221 585 2274 oder
606 2221 776 2276 ntiirmstives
797 2223 912 2275 hloment
939 2223 988 2286 ist,
1012 2221 1077 2274 weil
1103 2222 1128 2272 in
1153 2221 1243 2286 jenem

149 2319 221 2372 Thun
243 2321 287 2371 ein
306 2320 433 2386 positives
450 2319 565 2370 Mement
583 2334 635 2371 von
655 2319 708 2370 ihm
722 2319 810 2370 selber
827 2319 867 2371 uls
881 2318 999 2370 solchem
1010 2333 1039 2369 so
1058 2317 1101 2368 hir
1119 2315 1175 2368 sicli
1188 2317 1241 2368 wis

145 2416 187 2468 hir
208 2416 314 2467 Andere
339 2415 470 2483 Zeugniss
496 2415 567 2484 gibt,
593 2415 650 2466 sich
676 2415 750 2466 darin
773 2430 802 2466 so
827 2414 948 2468 bewihrt
968 2415 1022 2466 wie
1049 2411 1170 2465 bewalrrt
1189 2410 1241 2464 und

148 2511 269 2564 desselbe
288 2512 322 2562 im
342 2511 434 2562 Worte
455 2505 530 2574 „leir‘
550 2510 735 2580 niedergelegt
754 2510 821 2561 hat.“

249 2609 295 2678 17)
320 2607 422 2676 Operae
447 2623 488 2658 me
517 2609 628 2673 pretium
652 2623 710 2660 esse
734 2608 861 2659 facturum
889 2607 995 2671 putari,
1024 2607 1046 2657 si
1073 2606 1100 2656 in
1129 2604 1240 2656 medium

148 2705 198 2757 hue
217 2705 360 2772 proferrem
380 2704 487 2756 duorum
508 2703 721 2772 philosophorum
743 2704 877 2772 despatio
899 2703 1011 2771 placita,
1031 2718 1124 2770 nempe
1144 2701 1239 2754 Christ.

147 2801 214 2865 Aug.
234 2800 318 2852 crusii
339 2810 365 2853 et
393 2802 496 2854 hienrici
521 2803 593 2854 Mori.
641 2802 754 2866 Quorum
776 2801 822 2853 ille
845 2817 963 2869 magnam
991 2800 1109 2852 elocutus
1136 2799 1240 2869 quidem

147 2902 195 2956 est,
215 2896 261 2944 sed
284 2909 336 2945 nou
348 2895 479 2947 intellexit
496 2899 641 2962 veritatem,
663 2915 741 2964 quum
760 2897 826 2948 haec
844 2899 985 2963 proposuit.
1010 2897 1076 2962 „Die
1095 2897 1239 2962 Principieu

147 2989 210 3041 oder
233 2988 439 3056 hlhglichhsiten
465 2991 511 3042 der
535 2993 661 3043 Eeistenn
689 2995 761 3043 eines
786 2993 885 3060 [tinges
908 2991 965 3041 sind
991 2991 1079 3056 limit,
1107 2991 1164 3041 Zeit
1187 2989 1242 3040 unci

146 3089 239 3140 Ranm.
282 3086 333 3138 Die
359 3087 471 3153 Gentem
499 3089 552 3140 wie
579 3089 644 3139 elles
665 3088 793 3140 Endliche
815 3087 871 3139 siud
897 3086 1040 3138 ronmlielte
1064 3086 1143 3150 (cloch
1168 3086 1240 3138 nicht

148 3184 334 3254 anspeclelmte)
350 3183 457 3248 Wesen,
474 3183 534 3234 weil
546 3184 593 3236 cler
611 3185 784 3252 Einsoirlmnp
794 3184 892 3252 [dhipr‘
913 3184 997 3235 Morus
1010 3190 1106 3234 eutem:
1128 3184 1240 3248 „Omnis

145 3281 237 3348 inquit,
256 3280 401 3332 substantie
426 3288 532 3332 ostenso
556 3287 620 3332 est.“
657 3281 779 3346 „Omnem
804 3280 897 3332 tollere
917 3280 1097 3332 extensionem
1117 3287 1157 3332 est
1183 3296 1238 3334 reni

146 3371 273 3430 reducere
293 3378 323 3428 nd
354 3385 478 3444 puuctum
497 3383 596 3429 tentum
615 3378 838 3443 mathematicum,
868 3379 937 3446 quod
963 3376 1027 3427 nihil
1055 3376 1164 3442 emplius
1191 3385 1238 3442 est,

147 3489 222 3543 quarn
249 3488 312 3540 pure
331 3474 438 3541 negatio
459 3490 479 3527 s.
501 3476 689 3526 nou-entitas.“
728 3475 780 3542 (De
802 3472 941 3525 lmmortsl.
961 3473 1037 3523 enim.
1063 3471 1146 3524 Praei.
1171 3471 1237 3539 Opp.

144 3569 205 3621 'l'om
234 3568 266 3620 li.
286 3585 311 3636 p.
323 3569 388 3637 280)
412 3579 455 3621 et:
473 3571 510 3638 „si
530 3586 576 3636 per
596 3571 774 3621 extensionem
793 3569 955 3636 intelligatur
974 3568 1083 3635 portium
1100 3569 1170 3619 iuxta
1189 3583 1238 3636 po.

143 3666 215 3731 sitio,
234 3665 449 3733 quemadmodum
475 3667 502 3717 fit
521 3668 547 3717 iu
566 3667 682 3730 materia,
700 3681 765 3733 nepo
785 3667 887 3716 omnimo
905 3665 1022 3733 spiritum
1040 3664 1089 3716 hoe
1106 3682 1182 3718 sensu
1195 3667 1236 3718 ul-

143 3761 245 3813 latenus
265 3779 318 3814 esse
340 3771 479 3815 entensnm.
517 3763 614 3826 Quodsi
634 3761 765 3828 intelligas
786 3768 882 3811 tantum
901 3769 998 3812 certam
1016 3762 1145 3829 quandam
1157 3778 1235 3830 pree·

141 3859 242 3910 senties
267 3858 475 3926 amplitudinem,
497 3876 608 3928 apnosco
634 3877 686 3911 esse
705 3867 859 3922 estensem,
885 3859 1014 3928 (Append.
1035 3861 1067 3911 sd
1087 3861 1235 3912 Antidotum

143 3955 201 4007 adv.
222 3954 383 4006 Atheismum
402 3971 425 4006 c.
447 3956 487 4008 to.
508 3955 555 4020 Op.
576 3954 608 4006 ll.
628 3972 651 4021 p.
669 3954 729 4026 169)
749 3961 774 4004 et
793 3954 923 4023 denique:
945 3957 1053 4020 „Omnes
1063 3957 1167 4024 spiritns
1179 3964 1237 4006 ssent

143 4053 256 4116 solonem
279 4067 326 4118 per
345 4053 523 4103 extensionem
539 4052 624 4102 euim.
646 4091 651 4102 .
674 4050 819 4119 .intellig0
839 4090 845 4104 .
866 4090 871 4104 .
894 4089 899 4102 .
920 4053 1114 4119 amplitudinem
1134 4051 1235 4102 solum-

142 4145 243 4197 modo“
270 4147 414 4214 (Euchirid.
441 4147 553 4214 metaph.
581 4162 602 4203 e.
624 4147 649 4200 8.
670 4147 717 4214 Op.
738 4147 758 4199 1.
779 4165 804 4215 p.
827 4149 900 4218 169).
943 4149 1056 4211 Quorum
1081 4161 1147 4214 quse
1173 4161 1234 4198 vere

103 4237 105 4241 ’
144 4256 264 4310 quaeque
283 4243 366 4296 minus
386 4246 545 4311 sectarim,
572 4259 604 4298 ex
623 4243 748 4296 hactenns
768 4244 904 4312 disputatis
925 4241 995 4295 hsud
1016 4240 1122 4294 difficile
1143 4250 1183 4296 est
1202 4243 1233 4296 ecl

145 4337 363 4406 cognoscendum.
