2910 4698
452 1295 669 1383 PARS
727 1285 1097 1384 ALTERA.
1141 1329 1147 1340 ·

710 1563 849 1575 ——--

628 1733 809 1797 CAPUT
831 1732 920 1796 111.

733 1928 764 1996 S.
788 1917 816 1982 6.

649 2063 895 2148 Prolepomeno.

328 2223 441 2288 Nescio
470 2242 508 2286 an
537 2224 713 2303 cuiusquam
737 2223 875 2285 veritatis
903 2222 1017 2284 firmius
1042 2223 1251 2287 conscientiae
1274 2229 1324 2288 teo·
1445 2259 1446 2262 =

228 2335 402 2398 stimonium
424 2334 604 2414 reperiatur,
628 2349 716 2412 quam
740 2332 817 2410 eius,
841 2349 899 2412 qua
922 2331 1025 2411 animi,
1048 2339 1080 2394 ut
1101 2333 1226 2414 cogitet,
1248 2352 1324 2414 pro-

230 2445 325 2525 prium
349 2461 420 2506 esse
439 2443 529 2504 nobis
552 2439 761 2521 persuadetur.
810 2441 899 2503 Adeo
924 2441 1005 2503 enim
1028 2441 1106 2504 baec
1127 2450 1212 2504 snam¹
1235 2443 1265 2504 in
1288 2460 1323 2506 se

226 2553 291 2633 ipsa
314 2551 407 2615 babet
434 2550 702 2631 approbationem,
726 2555 759 2611 ut
783 2550 917 2626 animus,
947 2549 1064 2612 sublata
1087 2551 1245 2632 cogitandi
1273 2553 1324 2614 in-

228 2661 319 2739 dole,
342 2661 409 2740 ipse
431 2659 554 2722 tollatur
583 2665 613 2722 et
635 2672 707 2722 esse
726 2659 847 2720 desinat
866 2664 977 2738 utque,
1002 2659 1085 2738 quod
1107 2659 1144 2722 ab
1169 2660 1235 2740 ipso
1259 2667 1321 2722 bon

232 2770 402 2850 cogitetur,
423 2765 453 2830 id
474 2769 534 2830 sibi
558 2769 679 2848 quidem
703 2768 835 2830 existere
857 2769 961 2848 neget.
1012 2768 1128 2841 Quibus
1158 2777 1247 2849 quum
1269 2781 1324 2831 ac'-

229 2879 329 2956 cedat,
355 2877 436 2958 quod
459 2877 669 2957 philosophiae
692 2884 900 2958 argumentum
920 2878 950 2939 in
973 2895 1075 2940 rerum
1099 2879 1252 2941 esseniide
1269 2896 1325 2942 oo-

227 2989 377 3071 gitatiorle
405 2987 555 3067 huiusque
586 2991 616 3048 et
647 2986 950 3049 determinationibus
985 2993 1014 3047 ct
1045 2983 1321 3049 modificationibus

231 3098 424 3160 continetur:
449 3097 683 3177 philosophum,
710 3104 789 3176 quae
810 3095 968 3158 tractanda
997 3095 1056 3157 sibi
1087 3096 1322 3177 iniungannaque

228 3206 380 3286 proponit,
405 3205 443 3266 ad
466 3204 685 3286 cogitationem
708 3208 829 3282 oporiet
855 3221 1005 3266 revocare
1028 3209 1058 3266 et
1085 3208 1145 3264 ium
1169 3203 1322 3284 mornado

230 3320 336 3376 exorta
360 3314 390 3374 in
411 3313 515 3374 intima
539 3313 631 3375 animi
654 3312 787 3389 officina,
812 3319 873 3372 tum
896 3330 1055 3392 quemnam
1077 3331 1132 3393 per
1155 3315 1321 3376 conscien-

229 3423 290 3484 tiae
314 3421 526 3485 iormationem
548 3428 637 3484 nacta
661 3421 723 3483 sint
744 3421 917 3500 inproprie
943 3438 998 3482 sua
1021 3421 1194 3483 evolvenda
1214 3429 1320 3484 natura

226 3550 435 3616 progressum,
460 3537 520 3593 tum
543 3531 673 3610 denique
689 3548 777 3610 quem
793 3529 831 3592 ad
854 3527 943 3590 finem
960 3528 1155 3608 contendant,
1176 3531 1324 3614 religiose
1345 3582 1358 3600 .

226 3643 422 3722 perscrutari.
468 3641 501 3702 ln
528 3657 587 3720 quo
610 3639 741 3701 maxime
768 3637 841 3699 mibi
870 3637 1044 3700 claudicare
1066 3639 1249 3701 Aristotcles
1275 3639 1324 3700 ri-

230 3750 337 3830 detur,
363 3751 414 3831 qui
444 3749 590 3828 temporis
618 3749 769 3827 spatiique
802 3747 966 3825 notiones,
997 3748 1102 3827 quales
1131 3766 1184 3810 sua
1216 3750 1325 3827 cuique

229 3859 374 3940 empirica
409 3857 599 3920 conscientia
623 3845 812 3935 suppeditat,
845 3855 1074 3935 comprehcndit
1098 3859 1238 3937 quidem,
1270 3857 1324 3920 scd

231 3982 442 4048 nequequam
467 3963 617 4046 originem
650 3964 788 4044 ceperint
817 3982 874 4026 nec
900 3965 1054 4046 quomodo
1080 3966 1118 4027 ad
1147 3985 1215 4044 res,
1246 3985 1325 4046 quiae

227 4093 285 4136 nos
308 4073 506 4149 circumdant,
530 4073 703 4135 reserantur
722 4073 771 4134 vel
793 4073 905 4136 referri
928 4081 1049 4154 queant,
1071 4073 1140 4138 ullis
1163 4074 1328 4154 perlustret

229 4182 409 4245 ratiociniis.
453 4180 513 4262 ipsi
534 4199 621 4259 nere,
643 4199 682 4242 ne
705 4181 735 4242 in
759 4182 888 4244 eundem
909 4182 1078 4244 incidamus
1098 4201 1245 4261 errorem,
1269 4203 1328 4246 ca·-

232 4296 350 4371 venteS,
373 4309 450 4374 quae
475 4290 663 4371 experientia
686 4289 829 4375 obtulerit
850 4306 988 4370 quaeque
1011 4309 1047 4369 ,a
1077 4292 1274 4373 posteriori,“
1295 4298 1330 4356 ut
