2910 4698
590 289 801 349 ...eg-

148 466 262 530 attinet.
296 465 381 539 Quae
396 481 487 546 quum
503 466 543 529 ita
562 465 632 544 sint,
647 471 781 546 apparet,
798 465 853 528 Dei
873 463 1040 528 absolutam
1056 471 1086 526 et
1097 464 1243 528 substan-

149 576 251 640 tialem
275 576 494 637 conscientiam
516 574 546 637 in
568 573 934 652 immediatoseoeipsius
948 572 1136 635 substantioe
1147 572 1243 658 intui-

152 684 232 745 tione
245 684 364 746 versari
379 685 421 746 ita
438 682 569 763 quidem,
585 690 618 745 ut
631 685 839 765 unusquisque
854 701 871 745 e
886 683 983 745 tribus
999 683 1058 745 illis
1075 681 1241 748 lectoribus

152 793 330 873 (Faltoren,
353 792 647 857 Lebensmomcnten
675 793 730 856 des
762 793 921 856 absoluten
942 792 1089 869 Dascins)
1116 791 1244 855 absolu-

150 911 211 967 tam
232 921 317 966 suam
340 902 372 964 in
394 902 513 965 duobus
537 902 604 966 aliis
627 909 765 966 naturam
788 903 956 979 intueatur;
979 907 1126 983 quatenus
1142 906 1242 964 autem

151 1031 186 1078 se
208 1014 335 1093 quisque
358 1012 395 1076 ab
418 1011 515 1075 altero
536 1012 687 1092 tertioque
711 1012 829 1075 lormali
852 1010 1039 1094 cogitatione
1055 1011 1244 1075 internoscat

152 1124 260 1203 suique
294 1122 436 1184 conscius
470 1121 511 1183 sit
541 1128 682 1202 respectu
720 1127 750 1182 et
782 1121 933 1184 relatione
964 1120 1041 1183 alius
1075 1121 1242 1200 utriusque,
1271 1113 1276 1131 '

151 1225 372 1313 somnolie'llei
394 1229 578 1291 conscientia
601 1249 625 1293 s.
650 1237 712 1291 tres
735 1229 894 1292 absolutae
910 1247 1067 1308 personae
1087 1234 1243 1310 apparent.

251 1339 367 1415 Quibus
390 1339 554 1419 expositis,
579 1338 609 1401 id
637 1339 788 1421 agendum
818 1339 907 1402 nobis
931 1345 993 1416 est,
1023 1345 1056 1400 ut
1087 1337 1245 1402 absolutae

152 1449 332 1512 existentiae
356 1454 472 1528 tempus
495 1455 525 1510 et
545 1449 671 1528 spatium
695 1447 937 1511 consideremus.
987 1447 1178 1511 Manifestum
1200 1453 1246 1510 est

155 1560 247 1637 enim,
272 1559 303 1619 in
326 1557 464 1619 absoluta
486 1557 546 1619 vita
575 1563 607 1618 ct
624 1573 803 1636 processum
827 1557 894 1620 fieri
926 1557 1056 1638 aliquem
1084 1562 1115 1619 et
1138 1557 1245 1635 plures

153 1669 241 1731 iusto
270 1686 304 1730 se
331 1666 462 1728 invicem
491 1682 641 1747 personas
677 1667 811 1729 existere
844 1666 1050 1744 (coexistere,
1073 1671 1105 1727 ut
1136 1665 1245 1743 aiunt).

152 1779 215 1844 lam
240 1796 315 1841 vero
336 1784 370 1840 ut
391 1778 448 1839 Dei
469 1776 637 1838 substantia
658 1776 797 1839 absoluta
820 1782 876 1854 est,
900 1776 940 1840 ita
958 1793 1125 1855 processus
1146 1774 1196 1838 ille
1217 1782 1248 1838 et

155 1886 354 1951 coe'uisteatio
379 1904 510 1948 necesse
538 1892 585 1948 est
613 1883 782 1946 absolutam
809 1884 980 1964 proebeant
1008 1884 1158 1964 speciem;
1191 1886 1246 1948 sub

154 2016 212 2078 qua
248 1997 300 2060 illc
330 1983 519 2059 aetemitutie
548 1994 752 2078 (Ewigkeit),
785 1995 863 2058 hacc
890 1993 1099 2058 immensitatis
1130 1992 1248 2072 (Uuer-

152 2103 378 2182 messlichkeit)
400 2105 524 2166 nomine
546 2103 692 2184 appellari
712 2104 801 2167 solet.
846 2105 921 2167 Sunt
942 2121 1017 2187 crgo
1036 2104 1067 2165 in
1086 2102 1153 2165 Deo
1167 2110 1248 2166 tcm-

153 2233 208 2297 pus
231 2222 261 2279 et
283 2215 412 2297 spatium
437 2211 595 2274 obsolmoe
616 2212 747 2275 absoluti
768 2230 839 2275 sese
863 2212 1085 2276 manifestantis
1106 2213 1248 2297 principii

150 2327 270 2407 formae
289 2343 313 2391 s.
337 2323 417 2385 modi
442 2321 636 2398 existentiae,
662 2338 738 2402 quos
762 2321 812 2402 qui
838 2327 949 2404 negat,
980 2340 1043 2385 non
1065 2328 1165 2404 potest
1186 2340 1248 2386 non

154 2434 253 2496 multis
275 2451 310 2495 se
333 2431 558 2494 difficultatibus
589 2429 756 2512 implicare.
806 2431 925 2495 Etenim
956 2433 982 2494 si
1013 2433 1136 2494 omnino
1167 2433 1248 2496 nulla

156 2547 203 2605 cst
226 2539 338 2602 obiecti
360 2557 379 2602 a
408 2539 546 2602 subiecto
570 2545 600 2600 et
628 2539 794 2603 identitatis
818 2541 855 2603 ab
885 2547 1015 2622 utroque
1047 2541 1099 2605 illo
1123 2548 1247 2606 aeterna

155 2649 242 2733 quasi
272 2648 492 2730 dependentia,
521 2647 571 2730 qui
598 2652 698 2730 potest
728 2649 865 2712 absoluta
895 2650 953 2712 Dei
982 2650 1081 2712 unitas
1115 2651 1246 2730 servari,

132 2751 250 2823 'tribus
272 2757 413 2822 nimirum
436 2757 583 2822 absolutis
605 2758 747 2838 personis
770 2777 787 2821 a
807 2777 841 2822 se
865 2757 997 2823 invicem
1018 2777 1079 2823 non
1109 2761 1249 2841 penden-

153 2869 254 2932 tibus?
278 2874 307 2930 et
329 2868 356 2930 si
377 2885 470 2949 porro
494 2866 725 2930 coexistentiam
741 2885 905 2950 bernegus,
931 2870 1096 2950 quomodo,
1120 2887 1247 2951 quaeso,

154 2979 305 3058 triplicem
337 2977 416 3038 entis
449 2973 580 3038 absoluti
616 2976 891 3037 manifestationem
929 2977 1097 3054 obtinebis,
1131 2978 1248 3040 reiecta

154 3084 264 3165 triplici
285 3083 377 3145 totius
397 3081 557 3145 absolutae
578 3080 765 3144 substantiae
786 3082 964 3163 positione?

237 3193 292 3255 Est
303 3191 396 3273 igitur
407 3190 437 3251 in
447 3188 584 3253 absoluta
596 3190 774 3269 substantia,
783 3191 1121 3272 etdeiucepsquoddam
1132 3193 1248 3272 (nach-

157 3302 321 3380 einandcr)
337 3305 368 3362 et
378 3298 466 3359 taeta
476 3317 510 3359 se
525 3297 653 3361 inuicem
666 3300 949 3379 (nebcncinander)
962 3321 987 3364 s.
1002 3327 1017 3362 e
1030 3296 1092 3378 α’ξι
1105 3325 1119 3375 ς
1142 3310 1172 3366 ct
1185 3306 1250 3366 θέ-

155 3437 173 3474 e
183 3434 192 3470 ι
204 3435 217 3484 ς
231 3409 342 3488 aliqua,
352 3425 476 3488 quarum
489 3413 589 3472 tamen
601 3415 729 3490 utraque
741 3408 779 3472 ab
792 3409 885 3471 enimi
899 3415 1086 3489 nostraeque
1096 3409 1196 3489 spatio
1209 3429 1247 3472 ec

156 3525 288 3598 tempore
309 3522 421 3579 tutatum
445 3513 553 3596 differt,
579 3523 722 3596 quantum
744 3516 884 3578 absoluto
905 3517 1076 3579 substantia
1097 3537 1118 3580 a
1138 3518 1247 3581 relati-

155 3629 203 3690 uis
222 3627 272 3689 ael
287 3625 380 3708 findis
396 3625 560 3706 principiis
575 3631 628 3707 ²⁹).
677 3627 863 3691 Postremum
891 3626 1011 3691 abunde
1040 3647 1058 3690 c
1087 3629 1246 3710 superiore

155 3759 447 3774 Q

154 3807 319 3861 relatiuitatis
341 3808 423 3860 forma
443 3801 621 3876 coniunctam,
644 3826 659 3862 e
680 3809 773 3879 quibus
793 3810 961 3880 intelligitur,
981 3813 1101 3866 muudum
1121 3829 1180 3867 esee
1196 3813 1246 3866 ab·

157 3903 235 3978 soluti
256 3903 324 3956 eutie
345 3904 599 3970 contrapositionem.

253 4000 298 4069 29)
318 3999 490 4064 Quamobrem
509 4015 566 4051 curn
586 4001 672 4052 muudi
692 4002 826 4069 principiis
845 4011 1008 4072 comparatus
1023 4005 1079 4056 iare
1093 4005 1162 4056 lleus
1181 4003 1245 4056 illc-

157 4095 266 4174 calleat
286 4096 462 4167 intemporalia
481 4096 589 4161 dicitur,
610 4098 706 4166 quippe
725 4100 799 4150 euius
817 4095 917 4168 tempus
937 4108 962 4152 et
988 4102 1098 4168 apetium
1124 4107 1245 4169 tanquam

156 4192 289 4245 absolutae
312 4195 466 4248 existentiae
491 4193 591 4245 formae
614 4203 729 4247 nostram
748 4197 853 4248 omniuo
874 4196 976 4264 lugiunt
1001 4193 1199 4264 intelligentiam
1219 4204 1246 4248 et

154 4279 225 4344 omni
245 4304 277 4345 ex
296 4296 368 4358 parte
386 4289 653 4362 comprehensionem.
