2910 4698
147 465 247 524 certas
269 460 416 543 lixasque,
439 479 514 544 quas
537 465 650 527 habent
673 483 859 545 communes,
883 483 984 530 rerum
1006 470 1095 528 notas
1119 465 1186 528 sive
1206 471 1238 529 ut

147 578 308 650 conceptas
323 573 470 656 (Begrid)
494 576 712 656 comprehensa
731 577 832 640 animo
848 584 995 640 tenemus.
1040 576 1238 654 concepimus

148 679 228 742 enim
252 686 282 742 et
304 682 470 764 cogitando
492 686 584 747 menti
604 686 834 750 informavimus
855 686 1059 765 universalia,
1084 704 1162 766 quae
1182 705 1239 749 va·

146 789 201 851 riis
223 789 315 852 rebus
346 792 454 854 eadem
486 795 690 874 conveniunt,
723 797 966 876 praedicamenta
999 797 1099 877 itaque
1132 816 1167 860 ea
1201 795 1239 858 ad

145 916 245 980 genus
274 901 469 982 speciemque
499 920 688 968 communem
708 906 893 988 redegimus.
938 906 998 970 Sed
1028 906 1086 968 alia
1111 923 1238 985 prorsus

48 1045 51 1049 -
147 1013 272 1088 totoque
299 1011 389 1073 coelo
415 1012 536 1077 diversa
567 1033 668 1078 earum
699 1022 806 1078 natura
830 1015 1047 1097 cogitationum
1071 1022 1134 1094 est,
1163 1033 1241 1095 quae

59 1167 61 1172 .
146 1136 209 1181 non
239 1138 256 1182 e
285 1120 426 1184 sensibus
457 1141 556 1204 neque
580 1124 805 1201 abstrahendo,
827 1131 860 1186 ut
884 1126 984 1203 aiunt,
1006 1125 1061 1188 sed
1084 1143 1123 1186 ex
1145 1125 1241 1205 ipsius

149 1229 241 1292 animi
264 1231 453 1294 conscientia
477 1240 575 1296 ortum
599 1235 721 1297 ducunt.
766 1236 852 1310 Quae
867 1253 958 1316 quum
979 1235 1146 1320 cogitando
1169 1235 1242 1297 liant

148 1355 298 1419 quumque
330 1340 412 1404 nulla
444 1344 591 1423 cogitatio
627 1362 689 1405 non
718 1346 810 1406 certis
840 1345 1020 1425 quibusdam
1042 1345 1160 1427 legibus
1184 1343 1242 1407 ad-

147 1449 253 1512 stricta
275 1449 326 1527 sit,
348 1450 511 1512 videndum
536 1458 591 1530 est,
616 1471 764 1533 quaenam
785 1455 918 1517 sinthae
932 1454 1018 1535 leges
1039 1454 1171 1534 quidque
1192 1453 1243 1516 in-

150 1562 197 1618 ter
219 1575 272 1620 eas
294 1563 324 1620 et
344 1566 509 1639 conceptus
532 1561 717 1624 informandi
744 1563 830 1645 leges
854 1563 1039 1626 discriminis
1061 1562 1241 1625 intercedat.

149 1663 271 1746 Triplex
298 1667 461 1748 praecipue
494 1675 561 1747 est,
592 1679 669 1750 quae
701 1673 732 1734 in
766 1673 956 1735 conscientia
988 1670 1242 1754 recognoscenda

150 1775 281 1853 eruitur,
308 1777 464 1858 cogitandi
483 1779 534 1841 lex
556 1786 586 1840 et

190 1883 351 1960 positionis
373 1886 465 1949 realis
488 1889 630 1969 principii
649 1896 680 1951 et

199 1995 398 2072 oppositionis
428 1998 595 2061 subiectum
627 1999 708 2061 inter
730 2005 760 2060 et
791 1999 941 2064 obiectam
963 2001 1244 2081 phaenomenorum

151 2101 363 2167 formalitatem
389 2113 419 2167 et
672 2191 674 2194 Ι

194 2213 369 2292 spaldeseos
385 2216 432 2278 vel
446 2217 602 2298 utriusque
616 2218 653 2280 ad
670 2217 702 2279 τὸ
717 2235 775 2299 ego
794 2228 864 2292 (seu
883 2217 983 2297 potius
1007 2217 1044 2279 ad
1064 2215 1246 2296 principium

155 2324 220 2385 eius
236 2323 439 2401 indefinitum]
452 2326 620 2390 relationis,
639 2327 716 2389 Hinc
728 2326 847 2388 demum
859 2331 921 2388 tota
933 2323 1063 2403 profluit,
1078 2343 1134 2404 qua
1148 2323 1248 2384 abun-

155 2433 206 2495 dat
222 2451 319 2512 mens,
336 2433 473 2495 idearum
486 2437 631 2513 varietas,
655 2436 726 2498 hine
742 2437 956 2518 gravissimum
980 2445 1055 2514 (quo
1072 2439 1102 2495 et
1114 2433 1248 2494 nituntur

154 2542 290 2622 reliquae
314 2548 344 2606 et
371 2561 486 2606 summa
509 2546 637 2607 vertitur
659 2546 868 2625 cuiuscunque
892 2544 1113 2626 intelligentiae
1138 2548 1246 2617 eausa)

154 2652 333 2733 principium
344 2653 472 2715 rationis
481 2653 659 2716 sufficientis
664 2674 673 2729 ;
683 2655 753 2716 hinc
763 2655 831 2717 idea
845 2672 967 2731 causae,
978 2653 1098 2730 virium,
1108 2649 1249 2713 ellectio-

154 2763 202 2822 nis
221 2768 251 2824 et
271 2759 408 2841 allectus,
427 2763 605 2842 identitatis,
618 2765 777 2842 realitatis,
796 2763 965 2842 relationis,
981 2761 1155 2845 negationis
1170 2759 1248 2824 aliae

156 2871 332 2949 permultae,
351 2889 425 2951 quas
438 2874 590 2952 appellare
605 2875 706 2936 solent
721 2875 905 2955 categorias,
915 2891 1052 2955 quaeque
1064 2877 1178 2934 tanturn
1191 2870 1249 2932 ab·

155 2983 234 3054 sunt,
246 2984 278 3038 ut
290 2979 474 3043 universalia
487 2983 548 3043 sint
558 2999 659 3042 rerum
676 2981 922 3058 praedicamenta
936 2999 952 3042 a
964 2980 1118 3041 concretis
1133 2979 1169 3040 ad
1183 2978 1249 3039 lor-

155 3087 318 3150 malitatem
330 3087 527 3168 procedendo
537 3095 636 3167 enata,
646 3095 688 3166 ut,
701 3088 854 3150 contraria
869 3088 955 3167 plane
969 3088 1247 3168 phaenomenorum

154 3197 333 3260 varietatem
357 3198 394 3261 ad
418 3197 502 3260 reale
526 3199 705 3279 principium
726 3197 900 3280 realemque
924 3216 1047 3260 causam
1078 3194 1248 3260 reducendi

154 3308 275 3370 ratione
298 3308 457 3385 formatae,
481 3325 542 3370 non
559 3308 682 3371 aliunde
704 3308 757 3372 sed
782 3327 821 3370 ex
836 3309 902 3389 ipso
925 3308 993 3372 solo
1015 3305 1162 3387 repetitae
1184 3306 1245 3367 sint

157 3416 269 3478 animo.
315 3417 491 3479 Cuiusmodi
514 3425 586 3499 quot
611 3420 716 3495 ideae,
738 3425 781 3479 tot
803 3436 929 3480 normae
954 3417 1119 3496 cogitantis
1142 3413 1245 3490 animi,

155 3525 265 3605 quippe
290 3525 376 3587 cuius
400 3526 480 3587 nulla
501 3543 570 3588 esse
590 3527 735 3606 cogitatio
759 3531 858 3605 queat,
883 3525 954 3604 quin
976 3524 1015 3584 sit
1038 3521 1146 3583 inteolis
1166 3521 1195 3583 lr.
1219 3541 1246 3584 e.

157 3633 257 3696 insui
288 3633 382 3714 ipsius
414 3633 600 3696 conscientia
631 3633 738 3713 posita.
791 3633 858 3706 Quo
887 3631 935 3708 fit,
966 3637 1016 3708 ut,
1048 3646 1247 3712 quaecunque

157 3743 319 3826 cognoscit
341 3744 478 3821 animus,
502 3760 560 3820 per
585 3742 652 3805 illas
675 3746 845 3822 cognoscat
866 3740 973 3819 ideas,
998 3746 1089 3822 utque
1116 3741 1245 3818 ratione,

158 3872 215 3934 qua
237 3871 271 3915 se
301 3852 396 3930 ipsum
421 3851 603 3932 cognoverit
630 3866 775 3928 suamque
803 3848 982 3929 explicuerit
1015 3850 1247 3926 conscientiam,

156 3964 214 4026 alia
238 3978 359 4042 quoque
380 3959 479 4022 omnla
500 3959 640 4020 metiatur
662 3959 777 4037 sitque,
801 3965 890 4038 prout
910 3959 956 4021 sui
988 3960 1116 4022 scientia
1139 3959 1247 4034 evasit,

157 4078 207 4134 aut
229 4071 303 4134 felix
321 4075 372 4133 aut
393 4085 555 4148 perversus
572 4085 673 4130 rerum
692 4074 908 4148 perscrutator.
952 4069 1026 4132 Nam
1043 4067 1107 4128 fieri
1123 4065 1247 4126 omnino

157 4197 218 4242 non
241 4185 360 4260 potest,
384 4179 457 4259 quin
480 4176 615 4255 animus,
641 4196 730 4258 quum
761 4197 835 4240 suae
864 4195 898 4240 se
935 4176 1071 4255 quamvis
1101 4173 1247 4236 relativae

156 4291 336 4360 existentiae
359 4309 483 4356 eausam
505 4290 749 4373 deprehenderit,
774 4288 1013 4373 quotiescunque
1036 4287 1123 4350 aliam
1146 4283 1248 4350 oden-

585 289 794 346 ...31-
