2910 4698
575 301 785 362 „132-

130 459 215 561 quod
234 476 364 559 primum
385 494 441 558 per
453 495 490 542 se
503 479 534 542 in
546 477 639 542 locali
656 477 836 542 extensione
852 493 876 540 s.
892 473 1102 560 magnitudine
1115 484 1224 557 est²¹).

129 589 302 652 Praeterire
326 589 407 652 enim
430 594 547 670 tempus
575 589 723 667 dicimus,
752 606 841 669 quum
866 588 996 669 aliquam
1020 587 1227 669 deprehendi·-

134 716 201 762 mus
221 698 357 779 priorum
386 697 652 780 posteriorumque
674 704 896 761 momentorum
924 697 1037 760 seriem
1068 697 1228 761 continua·

132 810 285 872 tionemve
310 808 341 870 in
368 814 461 870 motu.
505 809 684 890 Ubicunque
713 826 788 872 vero
810 823 903 869 unum
924 811 1037 870 tantum
1062 823 1142 868 nunc
1170 826 1228 872 nec

131 918 215 999 prius
237 917 397 999 quiequam
417 933 476 980 nec
494 917 846 999 posteriustpereipitur,
869 917 922 996 ihi,
947 917 1016 997 quia
1038 922 1136 980 motus
1158 917 1230 980 nul-

132 1027 192 1106 lus,
214 1047 254 1090 ne
276 1033 393 1109 tempus
416 1027 537 1108 quidem
561 1033 703 1108 apparet,
748 1026 954 1102 Quamobrem
979 1035 1068 1106 quum
1093 1027 1133 1090 sit
1161 1046 1230 1091 mo-

134 1144 199 1216 tus,
223 1138 289 1217 qul,
313 1143 461 1218 quatenus
486 1155 525 1199 ex
548 1137 642 1200 variis
673 1143 792 1200 constat
822 1137 983 1200 momentis
1014 1143 1045 1199 et
1075 1137 1229 1199 numerari

131 1254 244 1328 potest,
269 1254 385 1327 tempus
407 1248 573 1326 constituit,
597 1253 711 1326 tempus
731 1253 777 1308 est
797 1263 941 1308 numerus
961 1246 993 1306 ln
1014 1252 1095 1308 motu
1117 1265 1141 1308 s.
1164 1265 1230 1308 mo-

133 1363 182 1417 tus
201 1363 350 1434 quotenus
373 1363 552 1418 numerator
571 1356 735 1418 secumdum
756 1355 847 1435 prius
869 1362 898 1416 et
926 1354 1080 1433 posterius
1109 1351 1192 1428 (ἔστι
1215 1353 1230 1418 ὁ

131 1465 246 1545 χρόνος
269 1461 407 1544 α’ρτθμός
430 1464 580 1547 κινήσεως
598 1461 674 1528 κατά
694 1467 728 1528 τό
754 1465 906 1548 πρότερον
929 1462 983 1528 καί
1003 1458 1157 1546 ὕστερον).
1193 1465 1230 1526 Et

134 1573 257 1654 quidem
279 1589 422 1636 numerus
444 1580 560 1654 tempus
585 1581 641 1654 est,
664 1581 827 1656 propterea
850 1574 947 1654 quod,
971 1574 1076 1637 utillo
1099 1573 1133 1635 τό
1165 1574 1229 1655 plus

131 1688 225 1763 atque
246 1681 345 1745 minus
370 1683 401 1744 in
422 1683 617 1761 universum,
651 1683 697 1746 sic
721 1683 781 1745 hoc
804 1682 885 1746 idem
908 1682 939 1768 in
963 1688 1045 1745 motu
1071 1681 1227 1746 discernit.
1251 1677 1259 1694 ‘

133 1792 292 1873 Quumque
314 1791 426 1871 duplex
447 1809 589 1854 numerus
619 1792 658 1854 sit
680 1797 710 1853 et
729 1797 916 1854 numeratum
947 1786 996 1866 (τὸ
1027 1788 1229 1871 ἀριθμούμε-

135 1913 204 1977 soa)
228 1905 257 1962 et
289 1899 320 1962 ld
345 1915 404 1980 quo
425 1896 658 1976 numeratur22)
690 1901 726 1975 (i.
751 1920 778 1964 e.
810 1916 954 1962 numerus
984 1900 1170 1978 abstraclus,
1200 1905 1232 1962 ul

134 2008 175 2070 ita
200 2008 311 2087 dicam,
334 2027 394 2090 quo
418 2019 648 2088 numeramus),
674 2045 713 2056 -
736 2014 851 2087 tempus
873 2014 919 2070 est
940 2027 1100 2088 eadmerus,
1125 2015 1230 2088 quate·

134 2135 192 2179 nus
215 2117 248 2177 td
268 2115 323 2192 est,
349 2118 429 2196 quod
444 2124 622 2180 numeratur
643 2115 675 2193 (ὁ
697 2114 812 2198 χρόνος
827 2117 897 2180 ἐστι’
911 2115 946 2181 τὸ
970 2117 1230 2198 τίρτθμοτῖμττοτ).

135 2225 243 2287 Cetera
263 2232 296 2287 ut
318 2233 415 2289 molus
437 2227 477 2290 ita
498 2233 614 2307 tempus
638 2225 847 2289 successivum
867 2217 1041 2300 (eetdtaog
1055 2225 1108 2287 aad
1120 2221 1230 2305 ἄλλος)

134 2340 181 2398 est
202 2341 305 2416 utpote
326 2337 369 2422 aqi
389 2336 443 2398 ada·
464 2337 496 2397 in
516 2337 600 2416 prius
616 2335 829 2416 posteriusque
846 2335 976 2398 divisum
991 2339 1044 2413 23).
1092 2332 1133 2397 Τὸ
1150 2354 1230 2399 nunc

135 2451 232 2508 autem
255 2445 363 2525 partim
385 2463 476 2506 unum
498 2463 620 2525 semper
642 2452 671 2508 et
700 2446 781 2508 idem
805 2446 912 2526 partim
945 2445 1027 2508 aliud
1058 2445 1231 2510 diversum-

135 2571 212 2634 que3
243 2553 303 2615 hoc
327 2552 450 2634 quidem
473 2554 616 2632 ratione,
639 2561 672 2615 ut
694 2554 795 2631 aiunt,
819 2555 919 2634 quoad
953 2555 982 2615 in
1017 2554 1075 2617 alia
1111 2573 1232 2635 semper

135 2670 225 2743 alque
248 2661 308 2726 alia
330 2668 429 2726 motus
451 2650 538 2744 parte
563 2645 705 2726 versatur
728 2661 778 2726 vel
798 2680 925 2726 numero
948 2663 1032 2743 prius
1061 2665 1232 2743 posterius*

237 2929 283 2994 21)
302 2924 333 2978 τὸ
354 2933 493 2998 πρότερον
511 2933 557 2982 καὶ
573 2929 690 3000 ὕστερον
711 2934 741 2985 ἐν
758 2931 835 3000 τόπῳ
856 2932 972 3000 πρῶτόν
984 2935 1070 2986 ἐστιν.
1108 2930 1148 2982 Ile
1164 2940 1232 2982 tem-

135 3023 210 3089 poris
228 3022 266 3092 aqi
284 3021 356 3087 prius
378 3029 404 3073 et
423 3023 554 3089 posterius
576 3024 697 3074 conferas
717 3027 795 3075 etiam
814 3024 901 3075 Probl.
922 3024 1003 3089 XVll,
1022 3027 1047 3077 3.

240 3133 287 3196 22)
305 3128 353 3197 ,μό
370 3135 426 3208 μὲν
446 3136 507 3190 ἐπὶ
526 3133 586 3190 τοῦ
605 3138 768 3207 ἐνεργείᾳ
784 3129 813 3188 ad
834 3115 1061 3209 α’ρτθμούμενον,
1079 3130 1109 3190 aa*
1127 3139 1157 3192 dt
1176 3141 1231 3194 ἐπὶ

137 3233 197 3282 τοῦ
218 3228 371 3303 δυνάμει
390 3226 419 3285 τὸ
441 3231 632 3306 ἀριθμητόν.“
668 3231 769 3300 Philop.
789 3248 811 3284 s.
829 3247 854 3300 p.
878 3235 917 3284 ll.
938 3233 971 3285 cf.
992 3233 1082 3287 Schol.
1101 3235 1128 3285 in
1150 3236 1230 3288 Arist.

134 3324 243 3377 Brundis
261 3325 281 3376 l.
300 3341 326 3392 p.
345 3326 406 3392 389,
427 3344 449 3379 a.
468 3328 511 3380 37.

234 3439 283 3506 23)
303 3437 423 3507 Pugnare
442 3442 510 3492 inter
529 3456 558 3492 se
583 3445 664 3506 prima
685 3444 775 3507 specie
800 3443 940 3506 videntur,
967 3456 1034 3509 quae
1059 3442 1156 3506 scripta
1182 3459 1230 3492 ex.

135 3541 206 3586 stant
223 3534 303 3600 Phys.
324 3534 370 3599 iv,
393 3552 416 3586 c.
439 3537 479 3588 10.
502 3543 528 3586 et
551 3539 592 3599 ll,
611 3537 762 3602 enuntiata,
783 3553 892 3604 quorum
912 3535 978 3587 illud
997 3542 1052 3587 est:
1078 3531 1109 3590 τὸ
1130 3538 1158 3590 dt
1179 3544 1231 3594 νῦν

136 3631 170 3687 ov'
192 3635 279 3704 μέρος
296 3631 359 3700 (τοῦ
373 3634 508 3701 χρόνου)·
533 3640 712 3703 μετρεῖτε
738 3625 795 3701 γὰρ
821 3632 852 3686 τὸ
877 3637 964 3704 μέρος
987 3637 1034 3686 καὶ
1063 3641 1231 3706 συγκεῖσθαι

135 3730 180 3783 dei
194 3727 226 3784 τὸ
247 3727 316 3782 ὅλον
334 3727 437 3783 ἐκτῶν
457 3729 565 3800 μερῶν,
585 3727 599 3781 ὁ
620 3725 768 3799 depedace
788 3726 821 3782 οὕ
841 3729 922 3785 δοκεῖ
938 3735 1108 3801 συγκεῖσθαι
1128 3733 1231 3788 ἐκτῶν

137 3827 189 3881 νῦν
209 3829 257 3894 (sc.
278 3823 343 3879 οὐδὲ
359 3835 551 3896 μετρεῖται
567 3828 605 3896 τῷ
623 3823 697 3894 νῦν),
717 3823 768 3874 hoc
789 3831 875 3876 autem
896 3834 950 3877 esta
971 3821 1006 3880 τὸ
1030 3827 1067 3880 dt
1091 3832 1152 3883 νῦν
1173 3823 1231 3882 τὸν

133 3920 271 3992 χρόνον
288 3929 414 3993 μετρεῖ
430 3908 447 3992 ᾗ
465 3919 603 3990 πρότερον
622 3923 669 3972 καὶ
688 3916 817 3990 ὕστερον.
863 3921 914 3974 Sed
941 3923 986 3974 itta
1011 3923 1169 3975 Aristoteles
1198 3923 1230 3974 de

136 4017 251 4068 absoluto
271 4032 341 4068 nane
363 4015 495 4080 disseruit,
517 4015 586 4082 quod
605 4030 652 4081 per
671 4030 701 4066 se
722 4024 831 4067 uocatur
852 4033 902 4069 nec
921 4025 1023 4085 tempus
1043 4025 1083 4069 est
1101 4034 1151 4068 nec
1171 4033 1229 4082 pars

137 4113 263 4177 temporis
282 4129 331 4163 aec
348 4120 444 4180 tempus
462 4112 579 4175 melitum
601 4109 645 4161 hic
665 4126 728 4164 vcro
748 4111 781 4163 de
800 4111 908 4165 relation
926 4131 1014 4178 nunc,
1035 4112 1104 4179 quod
1122 4119 1231 4162 vocatur·

137 4210 202 4260 καθ’
223 4207 319 4280 ἕτερον
338 4215 364 4258 et
390 4223 441 4258 non
461 4207 548 4258 solum
570 4197 601 4261 τὸ
623 4213 683 4258 ante
712 4214 737 4258 et
764 4203 794 4262 τὸ
820 4216 879 4275 post
902 4217 929 4260 et
955 4209 1091 4274 utriusque
1116 4207 1229 4261 medium

135 4301 279 4354 terminum
299 4302 490 4370 complectitur,
508 4317 600 4356 verum
620 4305 697 4356 etiam
719 4311 816 4373 tempus
833 4303 944 4356 metitur.
