2910 4698
601 275 810 336 ..21-

153 450 242 514 bitem
279 448 458 512 contirreatis
489 449 630 530 corporis
662 450 799 530 aequatis
833 451 884 515 vel
915 452 1124 532 superficiem,
1169 452 1256 516 ousia

154 561 264 639 instar,
288 577 401 639 corpas
425 560 632 622 coriticantem.
669 559 743 623 inde
765 560 864 639 effici,
888 567 931 640 ut,
956 562 1158 644 quodcunque
1181 581 1254 626 cor·

155 688 211 751 pus
231 670 292 733 alio
315 671 436 734 finiatur
461 687 615 750 corpore,
637 669 720 734 idem
740 675 881 734 versatur
907 671 938 732 in
961 671 1047 750 loco,
1072 673 1122 752 qui
1143 673 1253 736 sitve}

150 780 300 859 proprius
334 780 481 861 cuiusque
512 780 558 842 rei
592 779 642 842 vel
676 779 839 841 communis
861 781 995 843 omnium
1016 781 1113 844 locus.
1164 783 1251 845 Hunc

152 887 263 966 (τόπον
287 886 406 968 κοινόν)
432 895 462 952 et
484 889 516 950 in
537 889 640 952 medio
674 889 794 952 versari
824 889 973 970 sphaerae
996 890 1139 954 coelestis
1172 897 1203 952 et
1221 890 1253 953 in

152 999 290 1064 eiusdem
313 998 475 1080 superficie
497 1005 633 1062 extrema
664 999 695 1060 in
730 999 840 1061 tinibus
863 999 942 1061 coeli
964 1000 1031 1062 sita.
1084 999 1251 1080 Sphaeram

152 1126 229 1172 vero
250 1109 423 1172 universam
447 1126 471 1170 s.
508 1108 626 1171 coelum
647 1108 679 1169 in
701 1107 772 1171 loeo
793 1125 854 1171 non
877 1127 965 1187 esse,
989 1126 1059 1172 esse
1083 1114 1196 1172 tantum
1219 1111 1249 1172 in

152 1235 190 1280 eo
216 1216 353 1300 singutas
388 1216 468 1279 iliius
497 1223 616 1298 partes3
646 1234 746 1298 neque
775 1217 872 1297 ipsum
903 1217 1021 1280 coelum
1058 1235 1127 1282 esse
1150 1218 1249 1281 locum

151 1345 252 1406 neque
274 1326 416 1388 mundum
437 1327 624 1389 universum.
667 1326 782 1389 Pariter·
804 1345 862 1389 nec
893 1344 1064 1410 augescere
1086 1345 1153 1389 cum
1176 1345 1250 1390 cor-

150 1453 227 1515 pore
251 1434 351 1496 locum
374 1453 432 1498 nec
462 1441 604 1516 punctum
637 1435 667 1498 in
698 1452 736 1498 eo
759 1454 829 1499 esse
860 1454 918 1498 nec
942 1435 1104 1517 quidquam
1126 1437 1250 1500 omnino

151 1544 211 1607 uisi
242 1543 364 1606 mobile.

252 1653 412 1734 Postquam
435 1652 546 1716 deinde
569 1670 730 1716 excussum
753 1659 814 1731 est,
836 1653 912 1715 nihil
932 1671 988 1734 per
1010 1671 1045 1716 se
1067 1672 1137 1717 esse
1159 1653 1250 1718 inane

151 1781 210 1828 trec
230 1762 361 1843 denique
387 1783 404 1826 a
427 1763 554 1826 materia
576 1763 746 1826 seiunctum
769 1763 830 1826 tale
852 1763 922 1844 quid
946 1764 1090 1841 existere,
1114 1762 1152 1827 ad
1175 1770 1251 1826 tem-

146 1871 236 1954 poris
257 1870 544 1952 contemplationem
566 1871 752 1952 proceditur.
775 1873 902 1953 Tempus
925 1873 1005 1935 enim
1020 1879 1070 1935 aut
1084 1873 1178 1936 fuisse
1200 1879 1251 1936 aut

145 1983 281 2046 tutorum
312 1999 381 2044 esse
403 1998 503 2061 neque
526 1999 656 2061 unquam
688 1981 785 2044 videri
808 1981 929 2060 adesse,
954 1983 1063 2063 quippe
1084 1999 1175 2063 quum
1198 1983 1248 2044 in.

151 2090 306 2153 dividuum
325 2107 472 2170 praesens
495 2097 679 2154 momentum
702 2087 752 2166 (τὸ
773 2091 845 2167 νῦν)
860 2091 941 2153 nulla
963 2091 1003 2152 sit
1025 2092 1168 2171 temporis
1190 2110 1251 2155 ne·

111 2181 114 2186 ¹
151 2219 209 2282 que
233 2217 303 2281 pars
335 2217 434 2280 neque
456 2217 609 2281 mensura,
640 2200 695 2264 sed
721 2201 868 2263 terminus
890 2200 1105 2263 continuumve
1126 2207 1250 2282 praete-

152 2308 203 2372 riti
224 2327 261 2372 ac
284 2308 377 2372 futuri
400 2308 571 2387 vinculum,
592 2309 672 2390 quod
696 2308 925 2388 quodammodo
949 2306 1064 2370 dividat
1085 2315 1202 2389 tempus
1217 2310 1249 2371 in

148 2424 250 2500 partes
273 2423 415 2498 tanquam
438 2419 504 2480 eius
526 2413 635 2493 μόνας.
659 2417 748 2492 Quod
764 2418 890 2497 quidem.
908 2419 965 2478 νῦν
983 2435 1072 2497 quum
1093 2417 1124 2478 in
1146 2417 1248 2480 medio

147 2527 247 2592 iaceat
266 2526 423 2607 praeteriti
447 2545 483 2587 ac
506 2525 609 2604 futuri,
636 2544 703 2588 cum
717 2533 855 2606 tempore
876 2515 937 2588 una
951 2544 1011 2589 non
1036 2544 1106 2590 esse
1122 2524 1249 2588 cadem-

145 2655 204 2718 que
226 2640 345 2714 natura,
369 2653 427 2698 nec
449 2640 567 2716 tempus
589 2655 605 2698 e
628 2634 759 2716 sphaera
782 2635 927 2697 universa
946 2641 996 2696 aut
1013 2654 1052 2698 ex
1076 2635 1142 2715 ipso
1165 2639 1248 2698 motu

148 2751 317 2823 constare,
352 2763 532 2828 quamquam
565 2745 632 2810 sine
662 2751 744 2807 motu
776 2762 815 2807 ne
841 2743 962 2824 concipi
994 2743 1115 2824 quidem
1149 2750 1248 2825 queat.

146 2856 223 2918 Nam
249 2859 308 2915 turn·
331 2873 400 2917 esse
416 2861 533 2936 tempus
556 2854 630 2934 dici,
655 2873 745 2935 quum
774 2855 905 2935 aliquam
927 2855 958 2916 in
983 2860 1065 2917 motu
1091 2854 1253 2916 continua-

148 2960 261 3022 tionem
292 2967 321 3022 et
348 2963 435 3024 varia
474 2963 562 3041 quasi
592 2968 746 3024 momenta
780 2963 993 3040 percipiamus.
1038 2963 1140 3035 Quare
1171 2968 1245 3022 tem-

145 3085 206 3148 pus
230 3066 402 3128 continuum
422 3085 490 3130 esse
518 3068 550 3127 in
585 3073 667 3128 mota
686 3085 842 3129 numerum
869 3073 1059 3130 numeratum
1091 3086 1117 3132 s.
1137 3073 1248 3130 motum

147 3183 295 3259 quatenus
317 3177 436 3240 ratione
467 3177 572 3240 habito
602 3179 656 3240 roi
686 3177 777 3257 prius
801 3185 829 3240 et
851 3176 1006 3257 posterius
1027 3183 1202 3240 cremaretur
1220 3196 1246 3242 s.

149 3289 281 3369 denique
304 3306 461 3350 ratimarum
478 3287 605 3350 derorum
625 3305 705 3349 nanc
729 3291 759 3350 et
778 3287 895 3367 prioris
909 3292 939 3348 et
954 3286 1148 3365 posterioris.
1170 3288 1248 3352 Esse

147 3405 307 3480 praeterea
331 3397 412 3460 idem
436 3399 548 3480 ubique
579 3404 609 3460 et
629 3415 750 3480 semper
773 3405 911 3478 tempus,
932 3398 998 3459 eius
1022 3403 1121 3459 autem
1145 3403 1246 3476 partes
1287 3420 1290 3428 ·

146 3507 295 3570 diversas.
340 3508 468 3589 Tempus
491 3515 521 3570 et
552 3513 665 3571 motum
689 3525 723 3570 se
748 3507 880 3568 invicem
902 3505 1002 3568 metiri
1024 3524 1061 3567 ac
1084 3505 1248 3569 terminare

146 3624 176 3680 et
196 3624 357 3699 utrumque
371 3636 459 3699 quum
483 3618 658 3680 continuum
682 3634 751 3679 esse
774 3622 836 3676 tum
855 3615 971 3677 infinite
991 3613 1156 3677 dividuum.
1180 3616 1247 3678 Dici

147 3735 246 3793 autem
270 3729 300 3790 in
324 3735 459 3810 ternpore
482 3746 552 3791 esse
572 3727 620 3806 id,
654 3727 738 3790 cuius
763 3743 904 3788 mensura
926 3744 943 3787 e
963 3732 1100 3806 tempore
1129 3732 1249 3789 constet

148 3839 188 3901 ita
211 3845 262 3915 ut,
300 3839 380 3900 sicut
414 3839 445 3900 in
467 3838 537 3900 loeo
560 3857 611 3901 res
632 3837 702 3900 loco
726 3836 959 3913 contineantur,
983 3835 1167 3916 intempore
1187 3853 1247 3897 nu-

145 3966 229 4010 mero
254 3949 355 4010 omnia
387 3965 448 4009 non
480 3947 577 4010 solum
604 3947 833 4022 contineantur,
861 3944 915 4006 sed
947 3944 1117 4006 afficiantur
1145 3943 1245 4004 etiam.

145 4057 342 4138 Quapropter
362 4063 486 4120 aeterna
510 4057 635 4136 quaevis
665 4057 694 4117 in
718 4062 853 4136 tempore
875 4072 936 4117 non
953 4072 1044 4130 esse,
1074 4070 1143 4114 esse
1167 4070 1242 4114 vero

146 4166 287 4244 quietem.
332 4167 451 4229 Etenim
475 4171 591 4246 tempus
608 4183 677 4229 esse
702 4172 801 4228 motus
825 4171 854 4228 et
877 4163 985 4244 quietis
1007 4176 1189 4239 mensuram,
1218 4169 1248 4225 et

145 4273 293 4338 infinitum
314 4277 475 4358 (quoniam
505 4277 536 4340 in
563 4275 672 4341 eodem
692 4276 750 4339 nair
778 4274 927 4355 incipiens
953 4277 985 4333 et
1013 4268 1157 4334 desinens
1179 4289 1237 4334 nec
