2910 4698
660 283 867 344 ..40-

218 462 329 533 visita
350 461 412 525 sint
433 466 482 538 (ut
502 467 619 542 tempus
643 461 683 524 sit
705 459 845 522 interitus
871 459 972 540 potius
997 469 1121 539 causa),
1144 465 1247 522 tamam
1265 457 1313 520 sic

218 589 253 634 se
274 590 340 636 rem
362 572 490 649 habere,
511 578 544 632 ut
566 571 606 634 sit
627 571 734 634 eadem
755 570 913 646 interitus,
938 587 1015 649 quae
1039 575 1123 630 ortus
1151 569 1230 631 ratio
1255 567 1312 644 (cl.

218 678 252 743 τοΙ
276 680 389 763 ,,και’“)
412 683 521 763 quippe
549 698 639 761 quum
661 685 884 760 temporetam
912 679 1039 741 interire
1066 677 1108 739 nil
1138 678 1178 740 sit
1201 677 1262 739 nisi
1282 677 1315 738 in

221 795 357 870 tenpore
385 790 416 852 id
443 789 537 853 lieri?
578 789 675 852 Nemo
708 788 847 868 prolecto
878 795 944 866 est,
976 787 1047 868 quin
1079 787 1140 850 tale
1171 785 1242 866 quid
1275 786 1313 847 ab

220 899 388 962 Aristotele
412 905 554 979 tanquam
578 898 638 960 hoc
661 897 907 980 indignissimum
936 897 1100 960 abiudicet.
1143 895 1317 958 Dilucidum

222 1013 269 1069 ast
290 1007 393 1088 igitur,
416 1006 516 1069 locum
539 1007 628 1068 isium
653 1025 719 1087 cap.
745 1007 792 1070 13.
817 1006 1029 1086 interpolatum
1052 1025 1122 1069 esse
1146 1023 1205 1068 neo
1228 1005 1319 1086 quio·

223 1133 312 1197 quam
333 1093 449 1178 inle'rre
471 1121 595 1178 nostrae
617 1115 787 1179 sententiaa
810 1115 989 1178 ollensionis
1007 1117 1058 1192 ⁷⁶).
1103 1115 1219 1190 Quibus
1248 1115 1316 1176 ‹iis-

221 1224 332 1305 putatis
354 1223 543 1286 redeundum
565 1225 626 1286 iam
654 1241 691 1286 co
715 1231 777 1302 est,
802 1226 884 1288 unde
913 1224 1078 1305 paullisper
1106 1223 1316 1286 discessimus.

222 1332 298 1396 Nam
321 1338 416 1395 restat
437 1332 520 1394 aliud
544 1333 773 1411 documentum,
805 1353 822 1396 a
845 1351 904 1414 quo
934 1333 1080 1414 temporis
1103 1337 1238 1413 poteslas
1259 1349 1318 1412 op-

222 1449 337 1523 pareat.
384 1442 547 1522 Praecipua
567 1444 658 1521 enim,
683 1462 738 1506 cur
755 1449 878 1507 aelerna
901 1444 1026 1523 quaevis
1046 1443 1078 1504 in
1099 1448 1236 1522 tempore
1255 1458 1319 1503 non

223 1551 284 1614 sint
297 1555 356 1629 ⁷⁷),
382 1567 475 1614 causa
509 1550 581 1613 inde
607 1550 782 1614 redundare
811 1550 944 1629 dicitur,
971 1549 1051 1631 quod
1085 1547 1131 1610 cai
1163 1546 1318 1628 πάσχει

225 1658 343 1721 οὐδὲν
376 1657 449 1720 ὑπὸ
484 1661 555 1720 τοῦ
586 1657 741 1740 χρόνον
770 1654 809 1721 τά
841 1651 991 1721 αἐἰὸντα
1013 1667 1057 1737 (c.
1084 1661 1160 1734 12).
1218 1659 1319 1738 Atque

226 1765 336 1848 διόπερ
364 1760 430 1830 oa'i'r’
453 1770 487 1831 ἐν
508 1769 594 1856 τόπῳ
617 1767 710 1831 τάκεῖ
735 1779 795 1845 (sc.
821 1767 859 1830 τὰ
891 1763 951 1844 ἔξω
982 1771 1036 1830 τοῦ
1068 1767 1252 1847 οὐρανούς.
1279 1765 1317 1830 τά

226 1876 279 1938 αἐἰ
300 1871 387 1953 ὄντα)
412 1879 568 1958 πέφυκεν,
593 1867 663 1939 οὔτε
691 1874 808 1957 χρόννς
837 1873 919 1938 corti
948 1883 1062 1937 ποιεῖ
1083 1875 1319 1957 γηράσκειν,

226 1985 292 2046 oo'rl’
315 1987 401 2048 tarta
422 1983 550 2058 ον’ὃενός
572 1977 705 2062 οὖδτμνά
732 1984 890 2066 μεταβολή
914 1986 974 2047 τῶν
996 1981 1075 2064 ὑπὲρ
1097 1984 1154 2065 τήν
1176 1982 1321 2060 ἐξωτάτω

225 2095 419 2173 τεταγμένων
443 2091 565 2177 poncia,
587 2092 654 2155 ἀλλ’
676 2092 873 2156 ἀναλλοίωτα
896 2096 950 2156 κατ’
971 2093 1083 2179 ἀναθῇ
1111 2092 1165 2174 τὴν
1189 2092 1321 2175 ἀρίστην

226 2195 338 2280 ἔχοντα
370 2199 451 2282 ζωὴν
483 2200 538 2264 κατ’
567 2198 623 2282 τήν
655 2196 913 2284 αὐταρκεστάτην
944 2205 1087 2264 διατελεῖ
1113 2198 1164 2262 τὸν
1195 2194 1320 2262 ἅπαντα

228 2309 367 2374 αἰῶνα.
410 2311 464 2373 Ubi
490 2311 580 2374 nudis
607 2311 697 2392 plane
718 2311 823 2373 verbis
852 2312 1050 2391 proponitur,
1074 2317 1198 2373 aeterna
1221 2328 1321 2390 neque

226 2420 258 2481 in
279 2421 376 2500 spatio
400 2439 469 2484 esse
492 2437 591 2499 neque
613 2421 642 2482 in
665 2426 820 2500 tempore,
843 2421 951 2500 quippe
972 2419 1070 2500 quod,
1093 2427 1128 2481 ut
1154 2420 1204 2482 illa
1226 2437 1322 2481 senc-

229 2536 327 2608 scant,
351 2529 476 2592 ellicerc
497 2535 639 2609 nequeat.
674 2530 790 2604 Quibus
809 2530 889 2592 ultro
913 2531 1101 2612 agnoscitur,
1125 2546 1324 2609 quaecunque

229 2639 339 2701 sintin
363 2644 510 2718 tempore,
533 2656 642 2718 caper
661 2645 776 2718 tempas
797 2639 839 2700 cd
858 2645 1037 2700 senectutem
1058 2638 1196 2717 prouehi.

328 2748 364 2822 9)
386 2747 631 2809 consentaneum
655 2747 705 2808 hic
726 2765 797 2810 csse
819 2751 891 2827 puto
912 2749 1106 2827 perquirere,
1129 2765 1219 2825 num,
1243 2764 1321 2827 quae

230 2854 269 2917 dc
298 2854 444 2934 temporis
469 2855 497 2915 vi
526 2855 711 2933 doceantur,
736 2875 804 2918 cum
834 2855 952 2937 reliqua
982 2841 1157 2919 Aristotelis
1187 2860 1324 2938 pugnent

231 2963 381 3026 doctrina.
425 2963 499 3028 Nam
521 2965 549 3026 si
571 2981 632 3026 non
654 2971 799 3048 pugnant,
822 2966 1001 3029 necessario
1018 2965 1138 3027 diversa
1161 2964 1219 3026 erit
1241 2970 1324 3027 ortus

333 3239 380 3308 76)
400 3239 485 3290 Locus
502 3237 547 3288 hic
569 3253 584 3288 a
603 3237 679 3289 nobis
699 3239 815 3290 reiectus
832 3238 899 3290 adeo
919 3239 946 3289 iu
967 3252 1081 3290 errorem
1100 3237 1174 3289 duxit
1186 3238 1324 3302 liittcrum,

232 3343 261 3386 ut
285 3336 380 3403 prioris
406 3334 500 3400 capitis
521 3332 601 3384 verba
620 3333 772 3400 planissima
789 3349 836 3400 pro
862 3333 946 3385 nihilo
972 3333 1084 3399 habeat,
1104 3334 1139 3385 cl.
1160 3332 1255 3386 Gcsclr.
1279 3333 1327 3384 dci·

231 3432 329 3483 l’hilos.
341 3429 461 3483 3ter·Tlrl.
473 3445 497 3496 pv
507 3429 573 3486 2362
593 3429 766 3495 „Aristotcles
778 3430 836 3482 will
855 3429 898 3482 die
909 3430 968 3482 Zeit
979 3429 1052 3481 nicht
1071 3429 1109 3481 als
1130 3430 1190 3482 eine
1207 3428 1325 3482 Ursaclae

234 3524 280 3580 ales
300 3527 460 3579 Enlstelrcns
479 3525 531 3578 und
554 3525 709 3596 Vergchens
727 3526 880 3596 augeschen
900 3529 1009 3591 wisscn,
1028 3525 1142 3577 conadam
1161 3525 1326 3596 gestohtnur

234 3640 276 3688 zu,
297 3623 355 3674 dass
375 3624 401 3673 in
424 3621 471 3674 der
490 3621 549 3673 zeta
566 3621 634 3673 auch
653 3623 699 3674 (las
718 3622 860 3692 vngues
880 3623 947 3674 Stati
965 3619 1035 3673 liudo
1054 3629 1090 3684 (c.
1111 3623 1166 3690 13).
1204 3622 1242 3673 lm
1262 3636 1327 3673 vor.

235 3715 425 3788 hergchendcn
445 3717 547 3785 llapitcl
573 3717 674 3784 spriclrt
691 3718 772 3770 Arist.
798 3716 922 3769 hierubcr
946 3716 1051 3769 trellicla
1072 3717 1107 3786 (l)
1134 3716 1245 3782 audens,
1265 3717 1330 3769 aber

235 3813 302 3868 auch
322 3811 521 3864 unbcstimmter
539 3813 606 3880 (7).“

335 3925 380 3992 77)
401 3923 472 3976 llonc
490 3926 647 3976 sententiam
667 3923 768 3976 Gocthc
787 3939 860 3978 auam
879 3924 944 3976 lacit
962 3940 1040 3993 quum
1063 3924 1096 3977 do
1115 3940 1202 3977 reniam
1225 3927 1329 3992 princi.

224 4009 285 4087 ¹piis
297 4021 429 4073 disserens
448 4021 487 4072 sic
506 4020 639 4088 loquitur:

433 4115 591 4181 „Gottinuen
611 4115 723 4167 thronem
741 4113 807 4167 laclar
825 4116 852 4166 io
870 4114 1043 4179 Einsamlseit,

435 4210 483 4264 Una
500 4213 540 4264 sic
558 4211 618 4264 ltcin
637 4213 692 4277 Ort,
711 4211 779 4264 nocio
797 4213 910 4281 wcaipcr
929 4212 987 4262 ciac
1006 4211 1078 4275 zaim·

434 4305 487 4362 Dic
506 4307 603 4362 lluttcr
621 4306 680 4362 aino
699 4321 736 4360 es.
826 4337 829 4344 ·
946 4302 1026 4356 Faust
1044 4303 1168 4360 lterihl.
1187 4303 1248 4357 Act.
1265 4301 1297 4358 ll.
