2910 4698
696 311 904 369 ..1ss..

254 486 404 565 timentur,
426 485 471 548 itu
494 487 525 548 ι’τι
545 490 679 564 ternpore
697 503 832 549 numero.
876 486 990 548 Primus
1021 491 1119 548 autem
1153 484 1349 562 memorius,

254 614 293 657 ex
315 613 375 674 quo
398 594 512 676 aliquid
534 595 566 657 in
595 602 733 674 tempure
755 601 816 672 est,
847 595 874 657 si
906 594 994 657 simul
1024 601 1071 657 est
1101 612 1166 656 eum
1197 600 1347 674 tempore,

254 704 351 766 cuivis
373 721 448 768 sana
474 710 574 768 mente
596 704 906 785 praetito'absmdns
929 703 1068 767 videatur
1095 709 1225 785 oportet.
1254 703 1347 764 ‘Eum

252 812 333 876 enim
354 813 380 876 si
403 813 526 891 statuis,
552 813 672 876 eoelum
695 813 727 874 in
752 829 850 894 grano
882 812 955 874 milii
986 813 1089 877 inesse
1122 811 1345 889 contenderim,

250 941 339 1003 quum
360 922 421 985 hoe
444 922 534 984 simul
558 921 597 984 sit
619 939 687 983 cum
709 920 771 982 illo.
808 922 1013 1003 Quaecunque
1036 927 1133 984 autem
1156 923 1347 1000 intempore

248 1037 327 1112 sunt,
351 1051 368 1094 a
391 1038 546 1111 tempore,
568 1035 601 1092 ut
623 1031 704 1110 quod
725 1047 844 1112 quaque
868 1049 902 1094 re
925 1031 1021 1093 maius
1045 1031 1099 1110 sit,
1129 1035 1159 1093 et
1181 1031 1345 1093 eontinen-

247 1147 295 1203 tur
318 1146 348 1203 et
369 1140 557 1216 afficiuntur,
581 1139 723 1218 quoniam
747 1139 847 1202 omnia
869 1157 931 1202 non
952 1139 1044 1202 modo
1065 1144 1246 1220 superantur
1266 1145 1346 1202 tem-

247 1263 333 1331 pore,
351 1250 406 1313 sed
430 1255 662 1329 corrumpuntur
677 1250 779 1326 etiam,
803 1249 972 1328 tabescunt,
996 1255 1169 1328 senescunt,
1195 1249 1342 1312 oblivioni
1382 1255 1384 1258 ’

246 1359 407 1423 traduntur
424 1364 477 1437 ²⁷).
533 1359 634 1432 Quare
665 1377 743 1439 quae
775 1377 895 1439 semper
927 1365 1016 1438 sunt,
1046 1377 1098 1422 res
1127 1365 1271 1423 aeternae
1306 1377 1342 1421 ac

248 1467 422 1547 coelestes,
454 1470 512 1549 quat
536 1468 635 1552 tales,
660 1469 691 1529 in
716 1474 853 1549 tempure
877 1486 940 1531 non
974 1475 1064 1548 sunt,
1096 1468 1340 1550 quandoquidem

245 1595 346 1658 neque
370 1583 455 1640 certo
474 1583 610 1658 tempore
634 1578 828 1640 continentur
856 1595 956 1658 neque
977 1595 1015 1640 eo
1039 1578 1271 1660 patiunturnec
1292 1577 1341 1639 ul-

247 1687 308 1750 lam
336 1687 448 1750 habent
477 1694 626 1768 sumptam
661 1707 679 1749 e
710 1694 847 1768 tempore
877 1691 1121 1766 mensuramffl).
1172 1687 1233 1750 lam
1264 1705 1338 1750 vero

244 1815 333 1878 quum
355 1803 472 1877 tempus
494 1797 533 1859 sit
565 1803 664 1859 motus
694 1814 856 1876 mensura,
886 1797 977 1859 idem'
999 1804 1045 1860 est
1075 1799 1166 1860 etiam
1196 1815 1338 1860 mensura

244 1905 353 1986 quietis
381 1903 566 1987 (ἤρεμτας);
591 1906 793 1985 nequeenim
826 1912 943 1986 tempus
966 1906 1032 1986 ipse
1062 1912 1161 1969 motus
1192 1912 1239 1968 est
1271 1885 1337 1985 (qui

242 2013 320 2075 tollit
344 2013 508 2094 quietem),
532 2014 639 2076 sedin
663 2021 745 2077 motu
767 2033 928 2093 numerus,
953 2015 985 2075 in
1007 2032 1067 2096 quo
1088 1998 1158 2079 esse
1191 2016 1278 2096 quies
1294 2019 1337 2088 ²⁹)

242 2123 354 2204 optime
377 2128 485 2204 potest.
530 2123 567 2185 Ut
592 2125 696 2208 igitur,
721 2125 802 2204 quud
824 2145 841 2188 a
863 2143 991 2188 numero
1014 2131 1199 2204 numeratur,
1224 2125 1254 2186 in
1277 2142 1338 2186 nu-

239 2251 325 2297 mero
358 2252 428 2298 esse
459 2233 593 2313 dieitur,
617 2235 657 2297 ita
689 2237 799 2313 etiam,
836 2252 926 2314 quum
957 2235 997 2298 sit
1030 2252 1175 2298 numerus
1207 2240 1336 2314 tempus,

341 2491 390 2562 27)
417 2490 533 2565 φδορυῖς
557 2483 614 2562 γόρ
640 2495 731 2550 αἴτιος
755 2494 818 2544 καθ’
847 2485 936 2547 αὑτόν
955 2492 1062 2562 μᾶλλον
1088 2491 1102 2546 ό
1124 2493 1229 2565 χρόνος
1258 2507 1336 2561 quarn

239 2589 437 2659 generationis;
464 2589 498 2639 cf.
519 2587 551 2639 de
571 2586 640 2638 coel.
662 2587 682 2651 l,
702 2587 734 2638 9:
767 2589 867 2659 διόπερ
888 2587 944 2642 οὔτ’
966 2591 997 2643 ἐν
1013 2590 1107 2657 κόπῳ,
1127 2588 1209 2642 τόκεῑ
1230 2592 1280 2656 (se.
1301 2585 1336 2642 τό

239 2688 292 2747 ἔξω
311 2693 360 2740 τοῦ
390 2684 532 2756 οὐρανοῦ,
558 2677 589 2737 τό
613 2683 657 2737 rtet
686 2682 769 2749 ὄντα)
797 2689 944 2755 πέφυκεν,
975 2683 1056 2738 οὔτε
1079 2686 1215 2755 χρόνος
1243 2678 1336 2738 αὐτό

236 2790 341 2835 ποιεῖ
358 2781 570 2852 γηράσκειν,
591 2778 649 2833 οὐδ’
669 2783 745 2834 ἐστὶν
765 2778 883 2840 ου’δόνος
903 2780 1024 2851 ου’δεμία
1038 2775 1173 2854 μεταβολὴ
1187 2785 1246 2836 τιόν
1262 2782 1336 2854 ὑπὲρ

233 2877 284 2946 τὴν
294 2877 420 2941 ἐξωτάτω
433 2879 612 2949 τεταγμένων
622 2875 797 2948 φορόν,ιι’λλ’
807 2875 1036 2931 enarraturam
1046 2878 1145 2944 auant
1154 2871 1336 2949 τὴνόρίυτην

236 2977 338 3045 ἔχοντα
359 2968 430 3041 ζωόν
448 2979 496 3028 καὶ
515 2964 565 3040 τόν
584 2971 810 3044 αὐταρκεστάτην
830 2974 952 3028 διατελεῖ
966 2966 1016 3030 τόν
1035 2970 1149 3030 ἅπαντα
1169 2975 1269 3030 αἰῶνα.

334 3071 383 3141 28)
404 3070 444 3124 Cf.
461 3071 494 3122 de
515 3070 583 3122 coel.
603 3070 623 3135 1,
643 3070 678 3122 9:
699 3068 758 3144 ἅμα
780 3070 809 3123 δὲ
829 3070 927 3136 δῆλον,
947 3067 988 3124 ὅτι
1013 3070 1095 3135 οὐδὲ
1117 3074 1229 3131 τόπος
1250 3069 1336 3124 οὐδὲ

235 3163 341 3224 κενόν
368 3166 449 3222 οὐδὲ
470 3167 604 3238 χρόνος
622 3147 721 3221 ἐστόν
740 3169 802 3227 ἔξω
827 3166 891 3219 τοῦ
917 3164 1074 3238 οὐρανοῦ
1101 3170 1131 3222 ἐν
1151 3165 1255 3222 ἅπαντι
1275 3167 1334 3238 γὰρ

236 3266 313 3335 τόπῳ
334 3255 456 3318 δυνατόν
476 3262 598 3332 ὑπάρξαι
617 3259 702 3334 στόμα
723 3297 729 3310 .
751 3300 757 3312 .
779 3298 784 3311 .
802 3260 910 3331 χρόνος
928 3262 958 3315 ut
977 3260 1103 3336 σ’ριθμός
1122 3265 1263 3329 κινήσεως·
1285 3269 1336 3316 κί-

233 3375 339 3426 νησις
365 3358 389 3411 δ’
411 3355 496 3413 ἄνευ
521 3359 680 3428 φυσικοῦ
709 3355 878 3428 στόματος
905 3357 966 3412 ου’κ
993 3360 1101 3414 ἔστιν.
1141 3362 1193 3420 ἔξω
1222 3360 1253 3413 δὲ
1281 3361 1334 3414 τοῦ

186 3455 187 3458 “
236 3458 363 3528 ου’ρανοϋ
386 3454 524 3510 δέδεικται
553 3449 595 3508 ότι
621 3451 677 3506 οὔτ’
700 3455 777 3508 ἔστιν
805 3451 866 3507 οὐτ’ι
880 3454 1048 3525 ἐνδέχεσθαι
1076 3461 1210 3525 γενέσθαι
1237 3459 1333 3528 σῶμα.

234 3551 374 3602 Praeterea
392 3550 506 3617 tempori
525 3548 670 3600 immobilia
689 3564 741 3600 non
762 3566 821 3601 esse
840 3550 955 3603 obnoxia
976 3568 1009 3603 ex
1028 3552 1089 3603 Met.
1112 3556 1135 3606 Θ
1155 3551 1206 3602 sinna
1227 3553 1335 3618 perspi·-
1432 3581 1433 3628 3

234 3650 311 3713 citur,
330 3646 375 3698 ubi
396 3648 436 3698 sic
453 3646 583 3714 legimus:
609 3639 738 3718 φανερόν
758 3647 788 3701 tt
806 3652 852 3701 καὶ
877 3648 920 3702 ότι
939 3653 1025 3720 περὶ
1053 3649 1122 3704 τῶν
1149 3648 1335 3713 α’κινότιυν

235 3743 299 3799 οὐκ
318 3745 417 3798 ἔστιν
436 3741 552 3808 enain
572 3735 641 3796 κατόι
660 3740 690 3798 τό
711 3747 787 3798 ποτέ.
1112 3744 1117 3752 ”
1220 3733 1230 3754 ‘

340 3837 386 3908 29)
405 3835 443 3890 Ea
465 3853 533 3905 quae
553 3837 596 3889 hic
616 3839 728 3905 tempori
747 3837 885 3889 subiicitur
909 3837 984 3904 quies
1004 3850 1057 3886 nen
1077 3843 1116 3888 est
1134 3835 1255 3888 absoluta
1274 3837 1332 3902 illa,

233 3948 312 4002 quam
332 3933 424 3985 tribuit
441 3934 600 3987 Aristoteles
626 3936 664 4004 τῷ
692 3936 831 4003 α’κινότρι,
852 3933 889 4005 τῷ
918 3931 988 3994 όλως
1012 3933 1142 4002 ἀδυνάτῳ
1168 3935 1332 3999 κινηθῆναι,

234 4031 281 4084 sed
305 4048 336 4083 ea
361 4047 429 4100 quae
453 4037 493 4083 est
513 4033 640 4098 cuiusque
667 4026 827 4101 trapezitae
846 4031 901 4102 μὲν
921 4036 1064 4083 κινεῖσθαι
1092 4035 1138 4087 καὶ
1160 4030 1332 4103 δυναμένου,

229 4126 266 4203 μὴ
287 4133 457 4203 κινουμένου
477 4129 507 4182 δὲ
527 4127 601 4191 τότε,
631 4124 676 4180 trs
695 4128 820 4194 πέρυκε,
845 4131 892 4179 καὶ
918 4116 951 4180 οὗ
973 4131 1019 4178 καὶ
1045 4119 1096 4190 ὥς,
1125 4124 1195 4196 ὅπερ
1218 4128 1335 4198 ἠρεμεῖν

229 4225 304 4279 καλῶ
324 4228 379 4278 τοῖν
400 4223 539 4291 ἀκινήτων
557 4222 664 4296 μόνον·
685 4223 815 4276 ἐναντίον
831 4219 887 4292 peip
908 4221 1009 4290 ἤρεμία
1032 4222 1151 4287 κινήσει·
1182 4220 1248 4282 ὦςτε
1268 4226 1332 4276 στέ-

233 4337 312 4396 ρησις
331 4317 367 4378 όν
387 4323 428 4387 εἴη
446 4319 497 4375 τοῦ
517 4317 645 4373 δεκτικοῦ
663 4317 753 4388 (Phys.
777 4318 808 4383 V,
827 4318 853 4370 2.
875 4324 902 4368 et
920 4317 981 4369 Met.
1003 4316 1034 4382 X,
1053 4316 1119 4390 fin).
1156 4343 1160 4350 ·
1417 4357 1431 4667 ρ
