2910 4698
571 239 773 344 ..9¹-

223 458 374 520 illustrata
402 456 464 519 ioci
487 462 614 535 natura,
646 456 747 520 facilia
778 457 931 538 explicatu
960 463 1030 522 sunt
1056 447 1109 534 ee,
1140 473 1218 538 quae

124 587 216 650 supra
236 567 279 630 itti
303 567 459 648 assignata
482 573 570 646 sunt,
591 567 674 629 velut
696 585 758 630 non
782 585 952 648 augescere
973 584 1033 630 una
1056 584 1123 629 curn
1146 584 1219 629 cor-

125 696 200 759 pore
223 682 410 760 augescente
431 676 543 754 locum,
566 695 624 738 nec
645 683 786 756 punctum
808 677 839 738 in
862 694 898 739 eo
921 694 1002 755 esse,
1024 695 1083 739 nee
1106 675 1166 738 duo
1186 676 1217 738 in

123 805 185 850 uno
209 787 379 865 eodemque
404 785 474 848 loco
499 803 650 866 corpora;
674 803 768 867 porro
792 803 861 849 esse
885 785 1005 866 quidem
1032 785 1144 847 alicubi
1166 784 1217 847 lo-

123 915 201 976 cum,
225 913 286 958 non
309 900 408 958 autem
431 891 475 968 ὥς
496 895 528 956 ἐν
548 892 644 981 τόπῳ,
668 913 774 957 verum
796 890 839 967 ὥς
863 890 895 956 τὰ
921 895 1019 977 πέρας
1040 889 1073 956 ἐν
1096 895 1139 979 τῷ
1161 916 1215 955 nr-

123 1005 319 1089 περασμέιῳ,
342 1021 441 1084 neque
462 1004 494 1065 in
517 1002 588 1065 loco
612 1003 773 1083 quiequam
796 1002 855 1065 nisi
875 1002 987 1066 mobile
1010 1021 1138 1084 corpus;
1161 1002 1218 1065 de-

125 1111 217 1192 niquo
245 1130 308 1174 non
335 1112 427 1176 modo
457 1111 496 1173 ad
520 1128 606 1174 suum
629 1111 771 1191 quodque
802 1112 876 1174 serri
908 1111 1042 1189 iocum‚·
1060 1112 1214 1192 quoniam,

123 1239 322 1302 quaeeunque
352 1239 404 1284 res
434 1220 524 1284 eiiam
548 1237 610 1282 non
638 1221 668 1282 vi
699 1220 754 1282 sed
785 1221 899 1304 ἐφεξῆς
921 1221 978 1296 (ci.
1001 1221 1088 1303 Phys.
1112 1220 1148 1299 V,
1172 1221 1218 1298 3.)

122 1332 238 1413 tangit,
265 1331 336 1394 huic
358 1337 491 1414 cognata
515 1336 545 1392 et
568 1330 667 1392 affinis
690 1330 730 1392 sit
741 1349 750 1406 ;
784 1330 839 1392 sed
868 1348 939 1393 esse
972 1331 1063 1393 etiam
1096 1330 1127 1392 in
1161 1347 1217 1392 suo

123 1440 266 1520 quodque
287 1438 358 1500 loeo
381 1445 523 1519 tanquam
547 1445 662 1518 partem
686 1439 716 1499 in
741 1445 806 1500 toto
828 1456 884 1501 suo
905 1443 956 1518 ¹⁷),

223 1547 392 1628 Expeditae
414 1547 487 1609 huic
508 1547 546 1608 de
569 1547 640 1610 loco
668 1545 864 1627 disputationi
888 1547 1014 1610 aiteram
1034 1547 1218 1612 Aristoteles

122 1658 295 1742 subiungit,
314 1673 372 1738 qua
396 1658 559 1720 contutans
580 1658 776 1740 physicorum
801 1657 839 1720 de
859 1658 944 1721 inani
965 1659 1096 1739 quodam
1119 1661 1217 1740 spatio

123 1756 315 1846 commentis,
339 1786 424 1830 suam
448 1769 487 1830 de
509 1767 579 1831 loco
603 1768 784 1831 sententiam
807 1767 965 1830 consumet
980 1769 1030 1846 ¹⁸).
1053 1769 1121 1831 Pari
1138 1767 1219 1830 enim

120 1879 207 1941 iocus
231 1893 423 1958 vacuumque
446 1876 524 1958 apud
545 1883 666 1941 veteres
690 1883 759 1940 sunt
782 1878 903 1940 fortuna
926 1877 1044 1940 sociati.
1095 1879 1132 1942 Et
1153 1878 1220 1958 pri-

121 2005 201 2050 mum
225 1988 347 2069 quidem
362 1985 546 2050 Aristoteles
570 2004 636 2066 eos,
661 1988 712 2066 qui
735 1987 918 2049 reiiciebant
939 1982 973 2047 td
999 1981 1098 2060 κενὸν,
1123 1988 1221 2068 carpit

127 2097 220 2178 quod,
245 2103 490 2178 propugnatores
513 2096 667 2159 inanitatis
687 2097 742 2158 sub
765 2097 823 2159 bac
840 2101 942 2160 aerem
963 2096 1145 2178 intelligere,
1161 2097 1220 2159 rati

124 2205 247 2268 minime
268 2205 388 2285 quidem
412 2204 487 2266 nihil
509 2205 643 2268 existere
665 2207 753 2269 vacui
775 2205 993 2285 probaverint,
1016 2207 1072 2269 sed
1094 2197 1218 2286 operam

126 2332 246 2378 omnem
278 2315 308 2376 in
339 2315 542 2393 ostendendo,
575 2319 678 2378 aeirem
713 2333 824 2396 cerpus
853 2333 947 2395 esse,
982 2315 1218 2394 consumserint,

125 2424 204 2486 nulla
227 2442 332 2486 eorum
358 2425 478 2486 ratione
500 2424 620 2502 habita,
644 2425 694 2503 qui
722 2424 771 2487 vei
799 2442 928 2487 vacuum
952 2424 1138 2488 substantiae
1169 2424 1220 2486 in-

124 2540 189 2596 star
211 2534 248 2596 ab
270 2533 338 2596 aliis
361 2539 532 2613 separatum
554 2533 785 2613 subsistensque
806 2553 861 2614 per
883 2554 917 2598 se
939 2534 1144 2612 intervallum,
1170 2533 1219 2596 vel

124 2650 238 2707 meatus
262 2635 307 2721 (b.
329 2661 356 2704 e.
374 2642 523 2706 foramina
545 2661 642 2706 vacua
667 2643 847 2722 corporibus
866 2644 981 2705 inserta
996 2648 1036 2720 ¹⁹)
1059 2649 1217 2724 ponerent.

125 2753 218 2816 Multo
245 2752 368 2830 seirius,
399 2753 450 2832 qui
467 2753 654 2836 tutabantur
684 2749 717 2813 τὸ
750 2750 857 2832 κενόν,
881 2771 945 2816 rem
976 2753 1119 2836 aggressi
1150 2760 1220 2817 sunt

228 3029 272 3096 17)
292 3027 376 3078 Habet
396 3029 465 3079 enim
482 3028 518 3093 id,
538 3031 609 3096 quod
629 3033 786 3096 continetur,
806 3034 932 3083 materiae
950 3047 972 3084 s.
991 3035 1081 3098 partis,
1101 3033 1128 3085 id
1147 3035 1217 3101 quod

122 3125 240 3176 continet
259 3123 358 3175 termae
378 3138 400 3175 s.
420 3125 501 3174 totius
519 3125 657 3191 rationem,
676 3129 744 3178 sicut
763 3131 807 3178 adr
825 3133 899 3177 actus
920 3127 1057 3195 formaque
1075 3136 1115 3180 est
1134 3145 1217 3197 aquae

121 3221 261 3286 materiae,
286 3235 363 3289 quae·
374 3226 507 3288 potestate
530 3225 574 3272 adr
594 3221 738 3290 eodemque
763 3224 875 3276 inferior
901 3231 961 3290 est,
991 3240 1144 3294 quamquam
1164 3225 1217 3278 alio

120 3333 208 3369 rursus
226 3317 302 3368 modo
324 3323 368 3369 adr
385 3335 452 3386 aqua
473 3326 513 3370 est
530 3319 658 3391 δυνάμει.

226 3430 271 3500 18)
291 3431 363 3482 Haec
382 3432 414 3483 ab
435 3433 603 3484 institutore
628 3432 757 3502 digressio
777 3450 839 3485 num
864 3435 921 3486 inre
941 3434 1093 3486 Aristotelis
1117 3435 1216 3487 calamo

121 3507 271 3578 vvindicetur
295 3542 397 3592 necne,
424 3528 468 3578 hie
494 3528 635 3580 enucleare
667 3543 699 3580 eo
725 3531 809 3604 magis
835 3530 1058 3596 supersedendum
1085 3532 1216 3599 existimo,

120 3621 190 3690 quod
211 3622 288 3672 nimis
306 3621 423 3673 alienum
443 3639 457 3674 a
476 3631 566 3675 nostro
586 3632 626 3676 est
645 3627 780 3692 proposito
800 3615 850 3678 nec
869 3627 979 3678 multum
998 3628 1103 3680 afferret
1118 3628 1150 3679 ad
1165 3629 1217 3682 loci

119 3719 292 3789 indagandam
310 3726 429 3772 naturam
448 3721 579 3774 utilitatis.
610 3723 740 3786 Quocirca
759 3722 840 3774 liceat
856 3722 920 3774 mihi
940 3723 1007 3776 hano
1026 3725 1058 3777 de
1076 3727 1147 3778 inani
1167 3727 1217 3779 do.

122 3817 247 3881 ctrinam,
273 3831 340 3884 quae
359 3817 495 3870 nonnullis
519 3820 547 3869 in
576 3819 642 3871 loeis
662 3820 766 3871 videtur
793 3826 833 3870 sat
864 3821 1007 3886 conspicua
1031 3823 1216 3891 interpolantis

119 3929 210 3965 manus
231 3915 345 3982 vestigia
366 3915 477 3986 prodere
496 3915 544 3986 (ci.
558 3917 660 3968 Weisse
678 3917 886 3986 Anmerlrungen
907 3932 939 3967 zu
957 3918 1066 3972 Aristot.
1078 3920 1156 3987 Phys.
1171 3925 1215 3973 2te

117 4010 226 4080 Abtbig.
247 4012 275 4063 S.
294 4009 452 4079 eoo-515)
473 4011 590 4064 breviter
608 4021 707 4065 tantum
728 4016 868 4084 attingere.

219 4125 265 4193 19)
286 4125 430 4198 διάστημα
449 4127 545 4196 ἕτερον
565 4128 622 4183 τῶν
644 4129 784 4200 σωμάτων
804 4133 852 4183 καὶ
871 4124 1015 4201 χωριστὸν
1029 4134 1077 4182 καὶ
1087 4130 1213 4198 ἐνεργείᾳ

118 4219 160 4281 ὅν,
180 4217 195 4273 ὃ
213 4219 399 4291 διαλαμβάνει
418 4216 448 4276 nd
466 4224 526 4280 πᾶν
540 4223 625 4297 σῶμα
643 4222 708 4278 ὥστ’
728 4224 805 4280 εἶναι
821 4224 860 4299 μὴ
881 4230 1002 4296 συνεχές,
1021 4221 1048 4273 id
1068 4222 1137 4290 q11⁰d
1151 4237 1212 4274 wr-

116 4329 181 4384 pora
200 4316 324 4367 continua
343 4331 402 4370 esse
421 4323 502 4371 vetat.
