2910 4698
657 292 867 351 ...M-

298 447 346 549 3)
370 469 485 545 Quibus
511 468 660 549 expeditis
690 469 839 550 reliquum
864 473 928 545 est,
953 473 986 528 nt
1017 465 1138 547 singula
1160 452 1308 528 pannutia

210 579 289 642 haud
312 579 601 659 praetermittamus:

274 695 309 766 ο)
339 689 436 762 Quum
458 695 578 769 ternpus
606 687 646 748 sit
669 702 811 748 numerus
834 691 951 763 motus,
975 690 1074 746 motus
1105 690 1203 746 antem
1228 684 1308 745 varii

160 795 162 800 ’
212 797 373 859 admodum
401 798 546 879 generis,
570 797 745 876 quaeritur,
768 801 867 857 utrum
891 796 930 857 sit
952 801 1069 874 tempus
1092 794 1227 856 cuiusvis
1247 813 1306 854 ae-

212 907 361 986 qualiter,
389 925 427 969 an
457 909 546 968 unius
572 907 760 986 potissimum
785 911 882 967 motus
915 921 1068 966 numerus.
1121 902 1305 964 Aristoteles

211 1015 354 1096 quidem,
383 1033 562 1096 quamquam
594 1016 690 1094 prima
725 1033 790 1094 cap.
818 1014 865 1077 tt.
895 1019 980 1094 parte
1010 1012 1187 1089 contendit,
1211 1031 1302 1074 unum

211 1143 281 1186 csse
311 1124 479 1204 aequaliter
501 1130 618 1203 tempus
643 1124 767 1185 cuilibet
787 1130 887 1185 mutus
909 1123 1017 1204 generi
1034 1125 1095 1199 ⁸¹⁴),
1118 1128 1220 1182 tamen
1244 1141 1303 1201 pu-

210 1239 323 1295 strcma
346 1238 432 1312 parte
462 1232 570 1294 mirum
599 1232 629 1293 in
659 1231 781 1293 modum
809 1248 912 1291 secum
941 1236 1064 1312 pugnat.
1114 1229 1196 1290 Dicit
1224 1231 1304 1290 enim

210 1347 327 1422 tempus
350 1342 495 1404 eminenti
510 1341 639 1421 quadam
659 1341 780 1402 ratione
801 1357 958 1401 numerum
981 1357 1050 1402 esse
1070 1357 1304 1418 mensuramque

212 1451 293 1528 cius,
326 1451 377 1531 qui
406 1452 437 1511 in
467 1451 571 1512 orbem
604 1450 753 1528 flectitur,
787 1452 955 1526 motns⁸⁵].
1000 1447 1060 1511 Sed
1091 1455 1303 1528 praeterquam
1355 1502 1360 1511 .

211 1559 344 1639 quadiu
369 1560 416 1621 his
439 1559 553 1621 diserte
566 1560 608 1628 ⁸⁶)
633 1566 738 1621 contra
762 1577 796 1621 sc
818 1559 911 1637 dicat,
937 1565 1054 1638 tempus
1077 1558 1185 1620 eudem
1210 1575 1303 1620 sensu

210 1685 352 1729 numerus
376 1673 439 1744 est,
463 1685 551 1746 quam
574 1685 718 1728 numerus
742 1667 772 1727 in
802 1667 977 1729 universum
1000 1672 1152 1747 sumptus,
1175 1683 1234 1746 quc
1263 1666 1302 1727 ad

210 1795 316 1838 amnes
337 1776 452 1856 pariter
474 1783 634 1838 concretas
656 1794 707 1838 res
729 1776 911 1856 pertinente,
932 1776 998 1838 fieri
1015 1793 1076 1838 non
1097 1782 1207 1856 potest,
1230 1775 1300 1854 quiu

209 1893 326 1965 tempus
349 1903 486 1965 qunque,
511 1903 569 1966 qua
591 1904 747 1964 numerus,
771 1893 896 1949 cunctos
922 1885 1090 1966 aequaliter
1113 1891 1142 1946 ct
1166 1885 1303 1964 compte-

216 2067 273 2076 0—-

306 2176 354 2244 84)
375 2174 526 2248 ἀπορήσειε
547 2177 572 2229 δ’
592 2175 628 2231 όν
647 2197 687 2238 τις
712 2181 758 2230 καὶ
775 2182 881 2236 ασίας
900 2177 1035 2243 κινήσεως
1056 2177 1070 2230 ό
1090 2176 1194 2247 χρόνος
1215 2176 1301 2246 ἀριθ-

206 2269 296 2348 μύςῆ
319 2273 485 2330 ὁποιασοῦν·
505 2278 551 2327 καὶ
570 2267 625 2344 γὰρ
644 2279 752 2343 γίνεται
773 2276 803 2326 ἐν
818 2269 916 2343 χρόνῳ
939 2279 987 2325 καὶ
1008 2278 1160 2342 φθείρεται
1181 2278 1228 2324 καὶ
1248 2273 1299 2324 αι’-

208 2371 389 2432 enarrarunt
409 2369 570 2424 ἀλλοιοῦται
590 2373 619 2423 ἐν
635 2369 730 2440 χρόνῳ
750 2373 796 2422 καὶ
820 2373 939 2440 φέρεται
949 2405 1034 2424 .....
1050 2365 1105 2423 uri
1129 2369 1303 2432 κινήσεως

209 2467 327 2523 όαλιύς
355 2466 516 2536 όριόμύς
539 2468 615 2518 ἐστι
636 2467 821 2534 συντχούς,
848 2464 915 2518 ἀλλ’
939 2467 975 2518 σύ
999 2467 1106 2526 τινός.

306 2580 354 2649 85)
375 2582 435 2634 ἐστὶ
455 2577 480 2629 δ’
499 2581 558 2632 ἐστὶ
577 2572 655 2650 epops}
674 2584 720 2631 καὶ
739 2579 837 2645 ταύτης
860 2581 873 2644 ἡ
893 2579 989 2650 κύκλῳ,
1011 2578 1176 2652 ἀριθμεῖται
1201 2580 1224 2632 δ’
1238 2581 1302 2632 ἕκα-

209 2693 276 2730 στον
295 2676 340 2728 ἑνί
357 2695 413 2728 τινι
433 2685 584 2745 συγγενεῖ.
605 2712 610 2725 .
632 2713 636 2723 .
660 2673 731 2728 οὕτω
752 2680 799 2728 καὶ
819 2673 832 2729 ὃ
850 2676 954 2746 χρόνος
967 2679 1062 2745 χρόνῳ
1078 2680 1132 2729 τινλ
1154 2677 1300 2748 ὡρισμένῳ

208 2775 291 2824 ..εἰ
309 2765 360 2825 οὖν
379 2767 416 2824 τό
440 2773 586 2838 πρῶτον
605 2776 740 2842 μέτρον
757 2772 896 2824 πάντων
915 2773 985 2826 τιύν
1005 2774 1192 2842 συγγενῶν
1213 2772 1226 2838 ἦ
1246 2791 1298 2825 κυ-

207 2869 391 2938 κλσῳσρία
419 2868 434 2932 ἤ
464 2860 599 2938 ὁμαλός
631 2872 766 2939 μέτρον
798 2867 980 2938 μάλιστα,
1011 2867 1106 2922 tut
1141 2865 1301 2940 ἀριθμός

207 2960 340 3030 ταύτης
365 2965 664 3035 γνωριμώτατος.
701 2965 853 3024 όλλοίωσις
874 2965 928 3036 μὲν
947 2959 996 3018 σύν
1016 2965 1081 3018 οόόὲ
1100 2962 1214 3030 αὔξησις
1235 2964 1301 3018 aaut

206 3063 315 3130 γένεσις
335 3061 385 3114 σόκ
403 3059 611 3132 ελσὶνόμαλεῖς·
633 3055 710 3130 φορύ
733 3062 835 3125 δ’ἐστλ,
855 3060 910 3114 όιό
931 3066 987 3114 καὶ
1007 3061 1111 3116 δοκεῖ
1128 3061 1143 3114 ό
1164 3058 1300 3131 χρόνος

207 3156 307 3212 εἶναι
327 3157 342 3222 ἦ
362 3157 422 3222 τῆς
444 3162 612 3227 σφαίρας
630 3162 789 3222 κίνησις,
818 3155 859 3210 ὅτι
876 3157 961 3228 ταύτῃ
977 3162 1147 3228 μετροῦνται
1166 3161 1197 3209 αἱ
1221 3157 1301 3210 ἄλλοι

207 3252 330 3317 κινὴσεις
352 3255 401 3304 καὶ
429 3252 443 3304 ό
468 3250 574 3321 χρόνος
601 3252 686 3323 ταύτῃ
714 3253 746 3324 τῇ
765 3252 881 3318 κινήσει.
920 3248 979 3303 όιύ
1004 3252 1039 3304 ut
1066 3253 1176 3306 τούτο
1206 3258 1252 3307 καὶ
1271 3247 1300 3307 τό

207 3339 312 3407 εἰωθός
333 3349 466 3418 λέγεσθαι
479 3344 637 3418 συμβαίνει·
658 3352 733 3418 φασὶ
751 3342 805 3417 γύρ
826 3347 953 3400 κύκλον
972 3346 1067 3402 εἶναι
1085 3341 1118 3400 τό
1131 3348 1302 3419 όνόριύττινα

209 3444 367 3515 πράγματα
388 3479 395 3493 .
419 3481 424 3492 .
445 3479 450 3492 .
471 3449 574 3495 τοῦτο
595 3442 631 3494 δὲ
658 3441 711 3495 ότι
736 3445 848 3494 ταῦτα
869 3445 987 3497 πάντα
1017 3445 1060 3512 τρῖ
1084 3444 1200 3514 χρόνῳ
1228 3449 1300 3512 κρί-

208 3554 309 3594 νεται
328 3543 374 3590 καλ
394 3535 529 3610 λαμβάνει
551 3535 677 3602 τελευτὴν
695 3541 743 3590 καὶ
769 3528 858 3608 α’ρχῆν
879 3537 1036 3607 ύςαερανεὶ
1063 3541 1132 3592 κατά
1160 3559 1225 3593 τινα
1249 3557 1300 3592 τιε-

209 3635 322 3703 ρίοόον·
348 3637 406 3686 καὶ
433 3627 501 3704 γὰρ
526 3632 692 3703 όχρόνσς
717 3629 825 3694 αὐτός
850 3635 943 3688 εἶναι
967 3635 1066 3689 δοκεῖ
1088 3613 1214 3691 κύκλος
1241 3655 1299 3696 τις.

207 3730 342 3784 τοῦτοδὲ
368 3729 454 3782 πόλιν
481 3728 561 3782 δοκεῖ
586 3727 685 3783 διότι
714 3730 883 3794 τοιαύτης
912 3739 1029 3802 ῳορός
1058 3734 1137 3785 ἐστὶ
1164 3737 1300 3801 μέτρον

206 3829 501 3895 καλμετρεῒται,
525 3817 633 3884 αότός
651 3817 721 3878 ύττό
743 3827 928 3892 τοιαύτης·
956 3824 1043 3880 ὥστε
1061 3827 1095 3880 τό
1114 3829 1234 3896 λέγειν
1252 3828 1299 3881 εἰ·

207 3940 268 3977 ναι
295 3911 335 3972 τύ
363 3919 542 3990 γινόμενα
569 3919 639 3974 τόν
670 3919 895 3992 πραγμάτων
924 3920 1074 3987 κύκλον,
1106 3917 1145 3976 τό
1176 3926 1300 3994 λέγειν

208 4017 289 4068 ἐστὶ
314 4015 382 4067 τού
406 4013 544 4086 χρόνου
571 4015 669 4069 εἶναί
696 4036 780 4072 τινα
799 4016 931 4072 κύκλον·
968 4019 1070 4070 τοῦτο
1102 4018 1138 4070 it
1164 4017 1216 4072 ὅτι
1242 4036 1299 4090 με·

209 4119 351 4180 τρεῖται
378 4112 412 4183 τῇ
439 4114 685 4183 κσκλοφορίςι
714 4116 769 4166 κτλ.
799 4113 833 4164 cf.
854 4111 981 4163 Problem.
1002 4111 1096 4176 nunt,
1115 4115 1141 4164 3.

308 4220 354 4292 86)
374 4237 430 4290 cap.
454 4224 495 4288 10,
517 4222 531 4277 ό
553 4224 582 4277 ria
602 4224 708 4296 χρόνος
725 4223 776 4293 οὐχ
796 4221 917 4294 ὥρισται
944 4225 1039 4293 χρόνῳ
1065 4222 1128 4278 οὔτε
1154 4225 1192 4294 τῷ
1210 4224 1301 4284 ττοσός

209 4333 249 4378 τις
268 4307 342 4375 εἶναι
361 4316 422 4375 οὔτε
439 4319 480 4392 τῷ
492 4319 581 4378 ποιός·
