2910 4698
566 302 770 362 ,45-

135 481 234 538 ctatur
259 481 289 538 et
309 483 448 540 numeret
469 483 578 542 motus.
610 479 694 542 llaec
717 485 747 540 et
767 477 874 540 similis
897 494 1034 558 quaeque
1058 494 1234 558 repugnan-

137 587 179 647 tia
205 586 294 648 facile
316 587 538 666 removebitur,
562 589 589 651 si
612 587 702 651 modo
730 587 896 669 dignoscas
921 586 1001 650 inter
1028 593 1145 667 tempus
1166 587 1230 648 ub-

142 693 255 756 iective
277 701 433 775 acceptum
458 702 487 756 et
508 703 636 778 tempus,
658 701 805 777 quatenus
824 701 925 758 meme
943 695 1119 775 percipitur.
1163 695 1237 757 Naar

144 819 256 882 perse
287 809 404 883 tempus
429 811 542 867 certam
568 805 683 868 habere
709 823 881 867 mensuram
911 822 965 866 seu
994 820 1151 867 numerum
1177 821 1238 864 non

144 918 262 992 potest,
286 930 375 992 quum
404 932 479 976 vero
513 915 613 977 animo
636 915 819 994 percipitur,
853 913 903 974 hic
927 919 991 992 est,
1024 914 1073 994 qui
1105 913 1236 992 aliquam

142 1039 317 1084 mensuram
340 1023 478 1102 requirit.

205 1128 239 1205 b)
261 1130 356 1193 Porro
377 1132 459 1210 licet,
481 1138 514 1192 ut
535 1138 646 1210 motus,
669 1132 710 1194 ita
733 1139 851 1213 tempus
865 1134 909 1212 87)
931 1137 1087 1194 aeternum
1109 1130 1148 1191 sit
1170 1127 1241 1221 (del

146 1231 214 1317 ὄν),
237 1247 339 1304 tamen
360 1241 421 1303 hoo
449 1260 549 1322 neque
580 1243 610 1304 iu
633 1247 828 1306 aeternorum
862 1243 940 1319 (ιών
963 1238 1015 1302 dri
1035 1233 1147 1316 ὄντων)
1179 1256 1239 1300 nu-

143 1367 230 1412 mero
260 1350 474 1429 referendum,
501 1369 600 1430 neque
630 1352 769 1432 amplecti
799 1356 923 1413 aeterua
954 1349 1077 1427 dicitur,
1109 1366 1238 1428 quanam

144 1459 183 1522 de
207 1477 318 1536 causa,
341 1460 482 1540 equidem
505 1478 566 1522 non
588 1461 688 1522 video.

212 1580 244 1644 c)
267 1567 407 1647 Denique
431 1576 463 1630 ut
481 1569 664 1632 Aristoteles
682 1570 713 1630 iu
735 1569 896 1632 statuendo
921 1565 1088 1629 communis
1115 1584 1150 1628 ao
1170 1566 1238 1628 sin-

144 1676 260 1757 gularis
284 1677 346 1739 loei
370 1677 547 1740 discrimine
571 1677 732 1755 claudicat,
755 1679 795 1740 ita
818 1677 934 1740 similes
957 1675 1103 1754 temporis
1118 1692 1238 1754 quoque

144 1787 282 1848 rationes
305 1787 384 1849 adeo
408 1787 578 1864 conluudit,
601 1793 766 1864 clocutus,
790 1805 869 1866 quae
893 1789 1071 1862 recurrant,
1092 1783 1237 1864 periodos

52 1925 55 1930 ·
147 1901 247 1958 mente
270 1894 345 1958 lixas
367 1896 512 1974 temporis
534 1912 591 1974 per
606 1913 640 1957 se
659 1895 799 1975 proprias
821 1911 891 1956 esse
914 1900 1049 1956 censeat.
1091 1892 1145 1955 Est
1158 1893 1238 1954 enim

145 2005 176 2066 ln
200 2022 265 2084 cap.
294 2007 352 2068 19:
377 2002 418 2075 ὥς
441 2005 600 2082 ἐνδέχεται
626 2003 747 2084 κίνησιν
773 1996 851 2065 εἶναι
876 1999 933 2082 τήν
955 1999 1055 2083 αὐτὴν
1085 2000 1138 2062 καί
1160 2006 1238 2080 μίαν

145 2113 265 2176 πάλιν
291 2109 359 2174 καί
380 2107 507 2188 πάλιν,
530 2111 611 2172 οὕτω
636 2113 691 2172 καί
708 2108 823 2189 χρόνον
843 2111 1019 2190 ἐνδέχεται,
1042 2097 1105 2171 οἷον
1127 2112 1237 2172 durov-

143 2219 198 2284 τὸν
218 2212 237 2304 ἢ
257 2218 313 2301 ἔαρ
338 2215 357 2300 ἢ
377 2217 568 2298 μειώπορον.

244 2330 303 2393 Sed
325 2329 399 2392 satis
420 2335 467 2390 est
488 2346 569 2389 nunc
592 2328 715 2405 dictum,
737 2333 771 2388 ut
792 2325 990 2406 intelligatur,
1010 2332 1082 2404 quot
1103 2332 1133 2388 et
1149 2343 1236 2404 quam

116 2433 257 2522 ‘graves
281 2439 330 2500 hic
353 2455 473 2518 quoque
495 2437 690 2516 quaestiones
714 2437 846 2498 existant
874 2435 911 2496 ab
933 2433 1098 2497 Aristotele
1128 2435 1238 2516 negle-

146 2553 225 2610 ctae.
269 2545 346 2620 Quid
367 2547 467 2622 enim,
492 2547 517 2607 si
542 2552 659 2625 tempus
682 2562 780 2624 aeque
803 2563 839 2606 ac
861 2545 989 2623 spatium
1013 2543 1087 2604 nilril
1111 2550 1158 2606 est
1177 2544 1237 2604 nisi

146 2657 244 2720 lorrua
276 2655 423 2738 quaedam
452 2654 674 2736 substantiae,
693 2653 720 2714 si
754 2651 801 2729 (id
832 2650 912 2730 quod
941 2657 1035 2732 negat
1055 2650 1237 2714 Aristotcles

146 2785 172 2827 c.
204 2767 270 2843 10.)
292 2765 394 2845 plures
417 2768 487 2826 sunt
514 2769 617 2844 totque
640 2762 786 2842 temporis
809 2759 914 2837 modi,
947 2767 1020 2840 quot
1050 2760 1237 2824 substantiae

146 2875 287 2954 genera?

248 2981 452 3053 Quamobrem
481 2978 541 3037 iam
563 2983 700 3038 nostrum
722 2977 800 3050 erit,
823 2993 928 3036 veram
957 2976 1046 3054 spatii
1075 2976 1239 3054 temporis-

148 3109 207 3170 que
229 3093 368 3150 naturam
398 3084 558 3163 explorare
585 3099 752 3162 eorumque
779 3081 921 3143 notiones
953 3099 970 3141 e
1005 3079 1135 3143 diversis
1164 3083 1240 3144 sub-

148 3197 278 3261 stantiae
299 3193 465 3278 generibus
484 3190 640 3254 evolvere.

142 3345 444 3366 W

244 3447 293 3516 87)
315 3461 336 3497 c.
359 3445 399 3510 ta,
420 3443 454 3495 ci.
474 3442 541 3507 vlit,
555 3442 588 3494 9:
611 3443 657 3495 del
677 3459 704 3495 re
722 3443 834 3508 κίνησις
853 3433 886 3506 ἦν
905 3443 951 3493 καὶ
971 3440 1050 3492 ἔσται
1068 3435 1238 3495 cortinam

108 3591 118 3610 ,
142 3545 257 3617 χρόνον.
