2910 4698
235 466 373 548 lunaeque
396 465 586 549 regionibus,
610 485 677 529 cum
699 467 771 529 loco
793 473 853 530 tam
873 471 958 529 arcte
972 464 1169 543 cohaereant,
1192 470 1226 527 ut
1246 464 1333 528 buius

235 582 361 640 aeterna
385 595 422 640 ac
441 576 623 658 gravissima
658 580 810 639 momenta
840 576 1026 638 constituant
1055 581 1086 636 et
1119 575 1205 655 quasi
1228 590 1334 638 norma

235 703 388 766 causaque
418 685 490 748 fiant
517 685 652 747 cuiusvis
682 685 759 747 alius
782 685 1008 747 contrarietatis
1033 689 1084 761 50).
1136 684 1182 747 Ob
1205 684 1334 748 eandem

237 796 429 859 stabilitatem
461 794 728 874 diversitatemque
752 793 935 858 Aristoteles
957 795 1055 874 spatio
1083 811 1173 874 quum
1195 793 1333 856 virtutem

234 901 401 983 (δύναμιν)
434 921 565 985 corpora
593 922 713 966 sursum
737 905 921 967 deorsumve
950 903 1091 966 trahendi
1112 910 1173 966 tum
1195 910 1331 967 naturam

232 1015 384 1076 immolam
405 1013 585 1096 (α’κίνητον)
608 1013 720 1076 tribuit.

297 1124 332 1199 5)
354 1123 463 1202 Neque
486 1121 608 1184 dubium
632 1127 695 1200 est,
724 1120 822 1201 qualis
856 1120 895 1182 sit
926 1119 985 1182 loci
1010 1118 1212 1182 immobilitas.
1256 1121 1331 1183 Nam

233 1232 273 1295 ita
297 1251 364 1295 eam
386 1248 448 1293 non
480 1249 550 1294 esse
578 1229 806 1311 accipiendam,
833 1231 920 1310 quasi
951 1231 1188 1310 unumquodque
1217 1247 1327 1310 corpus

234 1358 355 1420 semper
378 1340 487 1402 eadem
513 1339 669 1402 ambeatur
692 1338 723 1399 in
746 1336 853 1400 eodem
877 1337 948 1400 loco
971 1337 1143 1419 superficie,
1168 1344 1199 1400 ut
1218 1338 1328 1401 immo-

234 1449 288 1511 bili
310 1455 419 1511 cuncta
450 1455 575 1528 torpore
608 1447 824 1530 obrigescant,
854 1448 1013 1511 notatione
1040 1447 1093 1510 vix
1121 1447 1246 1528 dignum
1275 1453 1329 1510 est.

235 1557 362 1621 Constat
381 1558 460 1620 inter
480 1575 556 1635 nos,
591 1558 719 1637 spatium
742 1557 878 1619 universi
911 1556 1016 1618 mundi
1043 1557 1182 1618 ordinem
1212 1558 1331 1620 consti-

231 1673 337 1745 tuere,
361 1667 400 1728 ita
422 1672 456 1727 ut
479 1665 516 1727 ad
541 1683 628 1728 suum
651 1665 783 1746 quidque
812 1665 913 1728 locum
936 1666 1054 1742 trabat,
1083 1668 1245 1748 omniaque
1274 1684 1332 1730 oo-

231 1781 340 1859 oupet,
374 1775 531 1838 contineat
561 1781 593 1838 et
618 1774 792 1854 ubicunque
820 1776 898 1854 sint,
934 1775 1174 1839 circumscribat.
1233 1776 1329 1850 Quum

231 1887 324 1968 igilur
354 1885 484 1966 legimus
515 1880 582 1946 ἔστι
618 1881 632 1946 ὃ
668 1880 758 1956 τόπος
790 1884 914 1965 α’γγεῖον
946 1885 1261 1965 α’μεταιιίνητον
1289 1921 1329 1935 --

229 1990 376 2076 βούλεται
399 1992 595 2074 ἀκίνητον
619 1985 699 2055 εἶναι
723 1991 737 2054 ὁ
760 1991 853 2066 τόπος
871 2032 906 2042 -
925 1985 1004 2056 ὥστε
1026 1991 1060 2055 τὸ
1086 1995 1143 2056 τοῦ
1165 1998 1329 2076 περιέχον-

231 2127 282 2178 τος
305 2105 404 2182 πέρας
426 2099 623 2184 ἀκίνητον
645 2103 803 2183 πρῶτον
825 2099 1154 2186 τοῦτ’ἔστινότὸτιος,
1176 2142 1211 2152 -
1227 2105 1280 2183 (V,
1294 2107 1326 2182 1)

232 2205 303 2274 οὔτε
325 2209 389 2292 γὰρ
411 2217 493 2272 κινεῖ
518 2202 612 2273 οὔτε
641 2219 824 2273 κινεῖται
847 2209 880 2273 τὸ
908 2203 991 2283 εἶδος
1016 2203 1072 2291 ἢὲ
1104 2206 1226 2285 τόποζ
1250 2204 1270 2294 ἢ
1291 2210 1325 2276 τὸ

230 2319 354 2384 τοσόνδε
377 2320 436 2382 alia
457 2319 616 2400 permulta,
640 2319 717 2382 baec
740 2320 821 2382 idem
845 2325 957 2382 sonant
979 2339 1032 2383 ac:
1056 2321 1185 2400 spatium
1209 2323 1255 2385 sio
1279 2326 1325 2384 est

231 2436 449 2510 comparatum,
472 2435 505 2490 ut
526 2435 680 2506 coerceat,
705 2429 925 2510 complectatur
945 2430 1224 2511 circumcludatque
1242 2451 1326 2495 scm-

229 2557 285 2620 per
307 2556 448 2619 corpora,
469 2557 547 2619 quae
569 2557 607 2602 ne
628 2557 689 2601 uno
705 2539 827 2620 quidem
848 2546 1001 2601 momento
1021 2557 1082 2601 non
1105 2559 1174 2603 esse
1191 2542 1325 2602 circum-

231 2649 330 2711 cincta
355 2655 476 2728 queant.
529 2649 584 2711 Cui
605 2649 632 2710 si
660 2648 733 2711 illud
758 2648 933 2727 addideris,
957 2649 1038 2730 quod
1060 2651 1091 2711 in
1113 2668 1170 2713 suo
1192 2651 1333 2734 quidque,

229 2757 300 2819 loco
329 2762 489 2834 versatur,
513 2757 688 2838 intelliges,
725 2758 814 2836 spatii
849 2758 1089 2821 immobilitatem
1124 2759 1155 2821 in
1193 2760 1323 2841 aequali,

230 2883 318 2946 quem
349 2866 435 2928 locus
465 2865 497 2927 in
527 2866 640 2928 mundo
666 2867 838 2944 constituit,
865 2867 1028 2950 stabilique
1057 2886 1160 2930 rerum
1192 2870 1325 2931 omnium

231 2975 339 3038 ordine
365 2975 527 3036 contineri.
583 2975 689 3055 Neque
718 2980 765 3038 est
792 2975 928 3055 idcirco,
953 2977 1036 3056 quod
1065 2977 1228 3056 miremur,
1258 2997 1326 3041 eam

230 3084 359 3147 maxime
381 3084 413 3145 in
442 3083 646 3147 immobilibus
669 3085 771 3164 superi
796 3085 948 3166 inferique
969 3087 1149 3168 regionibus
1177 3089 1253 3150 verti
1271 3089 1325 3168 ⁶⁰),

235 3219 292 3228 ιιι..
428 3221 454 3228 ..-

299 3265 345 3328 59)
365 3264 498 3316 Estenim
519 3267 544 3316 in
565 3268 620 3318 Cat.
640 3267 690 3318 Vl:
713 3270 875 3339 μάλιστα
908 3270 947 3323 dl·
971 3269 986 3337 ἡ
1012 3273 1234 3337 ἐναντιότης
1262 3276 1326 3326 τοῦ

228 3363 348 3414 ποσοῦ
365 3357 525 3430 arctata
544 3362 656 3416 τόπον
676 3362 776 3416 δοκεῖ
795 3364 977 3435 ιίιιτίρχειν.
998 3361 1028 3418 τὸ
1050 3362 1105 3438 γὰρ
1133 3367 1193 3422 τίνω
1215 3366 1252 3440 τῷ
1272 3367 1325 3422 κά·

228 3476 266 3509 τω
285 3458 415 3511 ἐναντίον
433 3461 559 3522 τιθέασι,
579 3454 628 3523 τὴν
647 3451 721 3529 πρὸς
738 3454 768 3512 τὸ
786 3465 875 3532 μέσον
898 3461 996 3533 χώραν
1014 3462 1087 3517 adro
1107 3467 1245 3532 λέγοντες,
1266 3458 1324 3517 aad

227 3547 265 3608 τὸ
293 3554 464 3617 πλείστης
488 3557 533 3625 τῷ
556 3559 650 3627 μέσῳ
686 3556 894 3614 διάστασιν
920 3557 1010 3630 πρὸς
1032 3555 1068 3612 τὰ
1094 3566 1235 3632 πέρατα
1264 3566 1326 3616 τοι)Ι

229 3648 370 3719 κόσμου
398 3648 503 3703 εἶναι.
553 3652 666 3705 ἐοίκασι
695 3653 725 3706 δὲ
746 3649 875 3707 καὶτὸν
902 3659 971 3710 τῶν
992 3653 1120 3719 ἄλλων,
1141 3660 1329 3714 ἐναντίων

163 3789 164 3793 ,
229 3736 643 3816 ὁρισμόνιίιιὸτοὺτων
663 3751 872 3820 ἐπιφέρειν.
910 3747 944 3803 τὰ
963 3740 1020 3822 γὰρ
1049 3755 1224 3810 πλεῖστον
1243 3753 1328 3821 ἄλλῆ-

225 3844 282 3895 λων
305 3840 469 3908 διεστηκότα
496 3841 553 3898 τῶν
581 3845 611 3897 ἐν
640 3844 677 3915 τῷ
698 3844 771 3914 αὐτῷ
794 3848 873 3915 γένει
902 3848 1015 3903 ἐναντία
1041 3847 1192 3919 ὁρίζονται,
1235 3850 1330 3918 Neque

228 3951 291 3988 vcro
310 3936 402 3988 verba:
427 3938 554 3992 δοκεῖ-
574 3945 686 3994 τιθέασι
718 3975 748 3984 -
778 3944 914 4013 λέγοντες,
935 3948 1045 3999 ἐοίκασι
1063 3945 1204 3998 ollendunt.
1243 3947 1331 3998 Licuit

228 4034 295 4085 enim
314 4032 450 4085 Aristoteli
470 4033 516 4086 illo
534 4036 560 4085 in
575 4035 646 4087 libro
673 4044 724 4089 tam
749 4041 866 4092 restricte
886 4039 958 4108 loqui
983 4050 1009 4092 et
1025 4058 1058 4093 ex
1076 4042 1177 4110 vulgari
1197 4045 1330 4095 sententia

230 4127 367 4195 prolerre,
386 4130 497 4195 quaein
519 4126 604 4179 altiori
626 4131 735 4182 ueritate
755 4134 877 4186 euincere
895 4135 961 4187 alius
984 4139 1070 4203 operis
1099 4146 1125 4190 et
1141 4140 1249 4191 instituti
1270 4139 1322 4191 luit

228 4225 271 4276 ubi
291 4224 324 4276 do
341 4241 426 4277 rerum
445 4225 589 4292 principiis·
600 4226 702 4294 agebat.

298 4319 344 4392 60)
365 4319 406 4372 Gi.
427 4321 459 4373 dc
488 4319 584 4372 mundo
611 4321 644 4374 3:
668 4315 740 4395 μετὰ
763 4323 793 4378 δὲ
816 4325 920 4393 ταύτην
943 4328 974 4382 ἐν
996 4336 1052 4388 τοῖς
1077 4335 1179 4400 βυθοίς
1202 4321 1275 4386 κατᾶ
1294 4325 1330 4388 τὸ

1324 4177 1332 4204 2
