2910 4698
684 309 890 373 ...κω

234 489 356 568 πρῶτόν
380 491 479 553 ἐστιν·
536 491 677 552 ἐνταῦθα
697 489 807 569 piatur
826 487 863 574 τῇ
883 491 993 570 θέσει,
1016 485 1085 552 ἐπεὶ
1107 488 1137 549 δ’
1158 489 1192 551 ἐν
1212 483 1259 572 uqi
1282 503 1340 564 pte-

233 599 318 678 γέθει
352 599 421 663 ἐστι’
454 593 488 659 τὸ
517 595 670 677 πρότερον
707 597 763 660 aui
798 593 932 678 ὕστερον
958 604 1039 676 aria,
1072 615 1150 678 quae
1187 597 1338 677 probant,

236 707 366 786 spatium
396 715 426 770 et
458 713 615 770 extensum
636 723 706 769 esse
740 707 770 768 in
792 714 855 769 tres
877 707 1085 769 dimensiones
1107 711 1138 768 et
1157 705 1339 768 continuum

232 815 281 878 vel
302 818 342 878 ito
368 823 591 896 comparatum,
629 822 659 878 ut
683 816 723 878 sit
742 816 915 878 cohaerens
938 815 1070 896 aliquid,
1095 815 1182 878 culus
1205 817 1338 896 partium

233 929 367 987 extrema
389 943 424 988 se
448 928 574 1006 tangunt
594 931 624 987 et
646 925 803 1008 tangendo
826 941 916 987 unum
937 925 1010 987 dant
1032 929 1087 1001 ⁰⁰).

331 1033 377 1094 liu
396 1033 536 1095 omuibus
556 1033 649 1113 igitur
664 1033 822 1114 hucusque
843 1034 941 1096 allatis
959 1034 1116 1116 cognitum
1131 1039 1189 1110 est,
1211 1032 1339 1095 Aristo-

234 1140 302 1203 telis
323 1140 492 1203 absolutum
514 1142 642 1222 spatium
665 1137 774 1216 (cinca
799 1135 873 1203 ὅλου
898 1142 1116 1223 reinduerunt
1138 1155 1163 1204 s.
1186 1134 1257 1203 lituu
1280 1137 1337 1202 tdc

233 1245 325 1312 τόπον
346 1267 371 1312 s.
401 1247 455 1312 τὸν
479 1247 533 1312 ἕνα
555 1246 662 1327 τόποι)
694 1251 795 1314 omnia
826 1251 986 1330 complecti
1015 1257 1047 1313 ct
1070 1249 1337 1331 comprehendere
1390 1334 1394 1340 ι

234 1374 375 1438 corpora,
399 1360 440 1422 ita
458 1365 492 1422 ut
512 1360 598 1439 quasi
618 1366 756 1441 penetret
777 1377 832 1440 per
853 1360 1028 1422 uuiversum
1052 1360 1195 1422 mundum
1218 1360 1338 1422 variis·
1434 1425 1435 1436 ἶ

232 1485 291 1548 quc
324 1483 391 1531 cum
413 1469 514 1532 media
542 1475 623 1531 tcrra
655 1470 780 1532 orbibus
815 1470 990 1532 cohaereat.
1042 1470 1118 1532 itam
1146 1473 1178 1531 ut
1212 1469 1337 1531 'arboris

233 1581 370 1638 truncum
393 1578 598 1658 persecuerls,
623 1579 793 1658 complures
814 1579 851 1642 ab
875 1579 936 1640 imo
955 1579 1079 1640 corticis
1096 1577 1213 1640 circulo
1236 1591 1337 1657 usque

232 1686 269 1748 ad
289 1687 420 1749 medium
436 1687 552 1769 lignum
570 1687 661 1749 nrbes
676 1687 873 1767 apparebunt,
896 1688 975 1750 inter
990 1699 1067 1767 quos
1082 1686 1211 1750 cellulae
1226 1701 1337 1748 rursus

232 1812 318 1856 suum
333 1813 471 1876 quaeque
487 1794 633 1857 circulum
650 1796 835 1858 describunt.
857 1795 1014 1858 Consimili
1026 1796 1145 1858 ratione
1156 1793 1337 1858 Aristotelis

231 1921 301 1965 sese
321 1905 450 1983 spatium
469 1904 575 1966 habet:
596 1904 718 1966 ultimus
730 1906 965 1985 potissimusque
983 1897 1063 1967 eceli
1081 1904 1168 1967 lodus
1191 1912 1335 1985 tanquam

231 2017 338 2074 cortex
359 2013 581 2074 circumscribit
595 2019 687 2074 totam
705 2013 808 2075 mundi
822 2013 995 2093 sphaeram,
1013 2013 1093 2075 unde
1110 2013 1168 2075 triu
1186 2013 1336 2092 deinceps

232 2128 399 2201 quatuorve
430 2123 515 2203 quusi
545 2128 639 2186 strata
669 2123 862 2203 procedunt,
894 2135 971 2201 quae
1003 2131 1109 2183 rursus
1132 2122 1253 2202 cingula
1275 2139 1335 2202 pro

231 2249 393 2312 corporum
416 2249 486 2294 sese
509 2231 694 2312 tangentium
727 2230 916 2293 multitudine
947 2230 1016 2292 loca
1042 2229 1195 2292 erthlltent.
1243 2227 1335 2306 Quo-

231 2343 315 2404 circa
336 2353 425 2423 quum
449 2343 508 2404 iam
531 2359 568 2403 eo
597 2341 774 2421 pervenerit
801 2341 983 2423 disputatio,
1015 2345 1048 2401 ut
1076 2339 1181 2419 quales
1205 2345 1235 2403 et
1259 2349 1337 2421 quot

231 2451 292 2512 sint
307 2450 349 2511 illi
363 2451 466 2527 orbes,
491 2455 670 2528 exponatur,
694 2455 756 2510 tres
773 2449 832 2510 buc
851 2449 1037 2529 pertinentes
1049 2447 1136 2510 locos
1148 2449 1334 2512 subiiciam:

233 2555 271 2620 σύ
298 2561 355 2621 νῦν
378 2559 410 2620 ἐν
432 2558 475 2644 τῷ
498 2558 620 2642 brr'pnoq]
633 2557 750 2638 (ἐστίν)
774 2551 822 2618 ὅτι
846 2559 878 2618 ἐν
895 2560 938 2640 uqi
959 2554 1041 2638 depr,
1068 2545 1160 2630 οὗτος
1183 2557 1212 2618 δ’
1235 2558 1269 2619 ἐι
1292 2559 1337 2643 τῷ

231 2666 356 2748 οὐρανῷ
384 2668 488 2748 (Phys.
504 2666 552 2744 lV,
574 2685 601 2728 c.
618 2671 661 2743 1).
709 2667 778 2728 ἐπεὶ
808 2667 842 2726 di
870 2665 1000 2744 λέγομεν
1024 2655 1104 2728 εἶναι
1126 2661 1169 2738 ὥς
1192 2666 1226 2727 ἐι
1247 2665 1337 2754 τόπῳ

230 2773 419 2858 rqioripuaqi
450 2774 527 2834 dedu
551 2775 584 2835 ἐν
605 2775 648 2858 aqi
670 2771 760 2852 ἀέρι,
796 2763 886 2845 οὗτος
910 2775 939 2834 d·
975 2774 1008 2833 ἐν
1030 2776 1072 2858 uqi
1094 2773 1219 2858 cripusqi
1243 2776 1336 2850 [ibid.

231 2903 257 2945 c.
276 2883 331 2965 4);
354 2884 504 2963 denique:
531 2881 587 2942 ani
607 2878 661 2943 διὰ
687 2884 778 2944 τοῦτο
802 2875 819 2962 ἦ
842 2882 902 2958 μὲι
925 2883 964 2960 γῆ
986 2881 1019 2942 ic
1043 2884 1087 2966 τῷ
1109 2877 1214 2961 itan,
1240 2887 1335 2946 τοῦτο

231 2995 258 3055 δ’
273 2991 305 3056 εἰΙ
320 2995 361 3077 τῷ
379 2992 460 3074 depr,
478 2978 569 3065 οὗτος
585 2992 613 3053 δ’
628 2989 661 3052 ἐν
682 2992 724 3074 τῷ
741 2991 857 3071 αἰθέρι,
881 2986 896 3050 o‘
915 2991 945 3051 δ’
960 2985 1060 3071 ιιιᾪὴρ
1080 2990 1112 3051 ἐν
1129 2990 1173 3074 τῷ
1197 2992 1334 3079 οὐρανῷ,

229 3103 299 3164 o‘d’
325 3100 462 3182 ου’ρανὸς
484 3099 590 3163 οὐκέτι
615 3092 749 3184 ἒνᾶλλῳ
773 3099 863 3176 (ibid.
900 3115 926 3160 c.
949 3100 995 3176 5).
1039 3095 1193 3179 Equiltus
1217 3100 1336 3164 intelli-

230 3215 321 3295 gitur,
344 3211 572 3292 quadruplicem
597 3210 647 3271 vel
668 3209 882 3288 quintuplicem
904 3223 974 3270 esse
1000 3207 1106 3269 orbem
1130 3207 1213 3271 illum
1235 3211 1332 3274 absc-

299 3439 345 3507 50)
364 3435 435 3488 ldem
456 3433 524 3502 quod
544 3430 726 3500 supradictis,
750 3429 826 3497 spatii
842 3427 1020 3482 tmrnobiiltute
1041 3430 1164 3496 firmitur,
1185 3443 1261 3500 quae,
1280 3436 1331 3488 hisi

229 3536 292 3587 illud
313 3536 346 3586 sit
365 3529 462 3601 aliquid
485 3537 631 3598 pestutum
652 3536 790 3596 penetrans
819 3527 939 3578 mundum
958 3541 1120 3595 corporeum,
1139 3529 1331 3584 molestissimis

228 3631 365 3700 impeditur
384 3626 590 3680 difficultatibus.
636 3623 689 3676 Fac
715 3627 783 3676 cuim
812 3626 922 3691 spatium
950 3623 1025 3676 aliter
1051 3635 1110 3677 esse
1138 3637 1331 3693 comparatum:

228 3731 350 3800 quoniam
369 3726 443 3778 locus
465 3731 506 3776 est
526 3722 659 3774 mobilium
688 3737 772 3774 rerum
791 3737 837 3772 vas
863 3730 1025 3789 tangensque
1052 3721 1204 3790 superficies
1221 3725 1237 3774 i.
1259 3741 1283 3776 e.
1304 3735 1331 3778 et

228 3825 289 3900 ἅμα
309 3823 438 3891 simulque
457 3833 561 3886 semper
580 3827 606 3870 et
629 3820 773 3870 arctissime
800 3833 857 3868 cum
892 3819 930 3868 eis
948 3818 1130 3881 coniunctum,
1148 3805 1201 3886 ubi,
1220 3836 1329 3889 quaeso,

227 3929 364 3984 remanet,
386 3920 407 3970 si
433 3932 528 3984 corpus
555 3914 708 3968 dimoveas?
753 3914 786 3966 Et
814 3915 857 3982 qui
878 3925 954 3981 porro
975 3911 1058 3978 locus,
1079 3915 1156 3966 certis
1174 3909 1329 3983 quibusdam

236 4019 342 4073 ermioie
362 4016 458 4082 imitus,
478 4022 578 4066 remoto
592 4028 644 4065 uno
662 4026 781 4079 corpore,
803 4011 910 4064 alterum
925 4019 1011 4079 potest
1028 4011 1156 4077 recipere,
1174 4014 1237 4080 quin
1257 4012 1328 4065 illam
1432 4081 1433 4090 ἵ

228 4119 322 4190 perdat
339 4132 426 4168 rursus
446 4112 614 4167 stabilitatem
629 4119 712 4180 seque
733 4110 764 4162 ad
785 4121 880 4162 aevum
902 4115 995 4176 eorpus
1015 4110 1209 4161 oceanilsslbre
1226 4110 1329 4180 fingat?

228 4217 299 4270 llaec
317 4213 464 4284 similisque
483 4209 645 4267 incommoda
664 4211 708 4262 vix
727 4209 824 4277 poteria
843 4209 989 4292 elingere„
1006 4206 1027 4256 si
1052 4203 1197 4259 absolutum
1217 4211 1327 4276 watiulb

224 4309 385 4367 inmobilem
401 4309 605 4382 magnitudinem
622 4321 681 4365 esse
700 4319 781 4376 negas
801 4311 846 4374 per
868 4309 949 4356 tetum
966 4299 1088 4354 muudum
1110 4309 1253 4358 emensam.
