2910 4698
703 325 915 382 -2-

259 496 313 576 τῆς
335 490 660 576 αντιμεταστιέστως),
685 514 763 577 quae
788 497 871 559 illum
899 497 1052 560 diversum
1076 495 1219 576 quiddam
1241 514 1259 558 a
1279 513 1349 558 cor-

258 606 385 685 poribus
402 612 428 684 1)
452 624 521 672 esse
544 608 662 687 probat,
687 608 718 668 in
741 623 801 688 quo
824 607 902 670 haec
922 607 983 671 sint
1005 615 1035 668 et
1056 613 1236 670 moveantur
1244 628 1254 685 ;

331 717 365 794 2)
391 735 408 779 e
434 717 573 800 gravium
601 716 774 799 leviumque
801 719 871 794 (τοῦ
892 715 1016 802 κούφου
1046 715 1101 780 κατ’
1126 717 1188 780 τῶν
1214 716 1354 798 ἐχόντων

257 822 375 908 βάρος)
399 825 429 887 ln.
457 844 484 888 e.
516 844 680 907 corporum
711 845 830 890 sursum
865 845 901 889 ac
933 826 1077 890 deorsum
1109 826 1236 890 latorum
1269 831 1356 888 motu

257 934 406 1012 naturali3
428 935 501 998 hinc
528 937 608 999 enim
632 937 743 1018 duplex
765 938 877 1017 petitur
898 943 1129 1018 argumentum,
1162 943 1191 998 et
1214 953 1285 1000 esse
1306 935 1358 996 lo-

258 1061 327 1107 cum
350 1050 380 1108 et
400 1045 505 1110 inesse
527 1046 556 1108 ei
576 1047 638 1109 vim
661 1048 821 1127 quandam,
846 1064 903 1127 qua
928 1053 978 1110 aut
1002 1064 1121 1110 sursum
1145 1063 1275 1127 corpora
1305 1052 1358 1107 aut

257 1153 401 1217 deorsum
424 1154 562 1218 serantur
584 1147 740 1228 (o'rt‘e'ort'
758 1180 788 1219 τι
810 1151 826 1217 ὅ
848 1156 941 1230 τόσος
961 1157 1015 1218 κατ’
1035 1151 1084 1219 dn
1108 1152 1174 1238 ἔχει
1198 1151 1266 1219 τινὰ
1294 1150 1356 1218 δυ’-

254 1269 386 1342 rupero),-

318 1371 353 1448 3)
377 1389 415 1432 cx
438 1372 487 1450 iis,
509 1389 587 1452 quae
612 1379 735 1436 veteres
759 1373 797 1436 de
819 1390 917 1436 vactro
940 1375 1049 1458 (τιτῷ)
1075 1373 1302 1452 coniectabant‚
1322 1379 1356 1435 ut

255 1480 335 1561 quod
360 1481 435 1543 nihil
455 1481 495 1543 sil
517 1483 577 1545 nisi
600 1480 695 1556 τόσος
716 1485 922 1566 ἐστερημένος
944 1480 1099 1562 σώματος.

356 1590 485 1674 Cognito
509 1592 612 1674 igitur,
637 1592 835 1670 cascianum,
860 1593 919 1654 iam
942 1593 979 1655 ad
997 1593 1027 1654 id
1051 1591 1159 1655 transit
1181 1608 1355 1672 argumen-

254 1700 339 1797 tatio,
363 1707 406 1779 ut,
430 1701 500 1781 quid
523 1702 581 1780 sit,
605 1706 783 1782 exponatur.
829 1698 930 1780 Atque

320 1812 352 1887 1)
375 1811 504 1891 spatium
532 1828 713 1891 quamquam
741 1815 803 1872 tres
834 1809 944 1889 habet,
976 1809 1084 1889 qulbus
1111 1810 1351 1892 unumquodque

255 1936 366 1999 corpus
383 1922 411 2002 2)
435 1919 672 1997 determinatur,
699 1919 907 1982 dimensiones
918 1922 960 1997 3),
993 1925 1092 1981 tamen
1115 1919 1212 1999 ipsum
1234 1937 1350 1998 corpas

251 2045 319 2091 erre
332 2029 414 2090 araldo
430 2029 517 2091 modo
527 2034 637 2107 potest,
649 2027 708 2090 nisi
723 2028 782 2090 duo
796 2044 927 2109 corpora
939 2029 969 2090 in
986 2046 1078 2091 unum
1091 2029 1270 2092 coalescere
1285 2030 1346 2091 vis.

315 2138 350 2215 9)
372 2137 560 2200 Tantundem
584 2136 672 2199 locus
694 2156 711 2199 a
736 2136 844 2217 quovis
868 2137 1013 2202 abhorret
1036 2139 1177 2218 corporis
1199 2144 1348 2218 recepta-

253 2245 322 2309 culo
341 2246 360 2307 i.
382 2264 409 2308 e.
433 2265 451 2310 a
470 2245 548 2308 reali
568 2252 691 2326 praeter
712 2264 823 2327 corpus
845 2248 1015 2310 existentia.
1048 2249 1122 2311 Nam
1145 2264 1223 2309 unus
1245 2246 1349 2311 idem-

253 2375 311 2436 que
343 2356 482 2436 oorporis
514 2354 601 2417 locus
631 2355 711 2418 idem
744 2362 791 2418 est
822 2357 994 2436 superficiei
1022 2356 1211 2437 aliorumque
1242 2357 1346 2420 iulum
1426 2377 1427 2402 ι

251 2465 423 2545 (στράτιον,
445 2464 529 2526 velut
549 2470 767 2544 punctorum);
789 2466 871 2529 unde
894 2467 1040 2547 sequitur,
1064 2472 1105 2544 ut,
1130 2484 1219 2546 quum
1241 2465 1345 2546 puncti

251 2573 339 2636 locus
363 2573 461 2653 ipsum
483 2573 523 2636 sit
546 2553 708 2654 punctum,
740 2574 827 2637 locus
850 2576 991 2655 corporis
1020 2574 1094 2636 nihil
1122 2592 1191 2637 esse
1221 2580 1346 2654 praeter

249 2681 300 2744 illa
327 2685 447 2764 τιὲοατα
471 2689 571 2763 queat.
622 2683 694 2747 'lale
725 2684 795 2764 quid
829 2684 908 2746 enim
937 2684 964 2746 si
988 2689 1120 2762 statuas,
1144 2701 1275 2748 necesse
1300 2688 1346 2744 est
1423 2689 1426 2718 ⁵

249 2789 342 2853 locus‘
358 2781 408 2852 aut
430 2790 611 2854 elementum
633 2793 673 2856 sit
697 2798 748 2855 aut
769 2812 808 2856 ex
835 2792 994 2856 elementis
1023 2793 1072 2856 vel
1105 2794 1264 2873 corporeis
1295 2791 1344 2856 vel

248 2900 502 2964 intellectualibus
534 2905 718 2982 (στοιχείοις
744 2899 941 2984 ἀσωμάτοις,
972 2911 1110 2986 νοητοῖς)
1143 2903 1342 2983 compositus,

248 3027 376 3092 quorum
397 3017 556 3094 utrumque
575 3012 670 3092 prius,
694 3029 783 3092 quum
797 3012 836 3075 sit
851 3031 1045 3094 corporeum,
1066 3012 1212 3075 inlocum
1228 3011 1343 3078 cadere

247 3123 372 3202 nequit,
392 3128 578 3202 postremum
606 3140 681 3186 vero
704 3129 830 3203 propter
851 3123 912 3184 loci
935 3129 1073 3184 naturam
1100 3125 1229 3203 μεγέθει
1261 3139 1342 3184 ooa-

248 3236 378 3294 stantem
404 3232 528 3293 corruit.

310 3338 346 3416 3)
367 3337 508 3429 Denique
529 3337 614 3401 anullo
639 3344 685 3400 eat
705 3357 809 3402 reram
830 3347 926 3401 cauco
946 3338 1087 3418 epatium,
1111 3341 1220 3421 quippe
1236 3340 1285 3402 cui
1303 3357 1341 3404 ex
1422 3313 1423 3322 Ι

248 3454 377 3529 quatuor
398 3455 526 3512 naturae
549 3447 651 3510 causis
674 3437 951 3511 nulla‘conveniat.

347 3559 619 3622 verumenimvero
642 3558 687 3638 si,
712 3576 912 3639 quaecunque
932 3565 1018 3638 sunt,
1042 3560 1072 3621 in
1094 3559 1165 3621 loco
1188 3563 1274 3634 sunt,
1297 3557 1337 3616 ita

245 3674 278 3730 ut
301 3667 472 3730 arctissimo
494 3685 562 3730 cum
580 3667 640 3730 hoo
663 3667 787 3730 viuculo
811 3667 1007 3746 cohaereant,
1028 3685 1130 3732 nonne
1144 3667 1232 3730 locus
1247 3665 1338 3728 vide-

248 3782 297 3840 tur
317 3777 349 3838 in
371 3776 442 3839 loco
465 3795 534 3840 esse
555 3782 604 3852 (ut
625 3775 708 3838 Zeno
731 3777 884 3855 occurrit)
907 3782 937 3838 et
958 3783 1119 3840 crescente
1140 3795 1270 3857 corpore
1291 3773 1338 3838 si-

250 3950 527 3964 m

403 4042 619 4114 quemadmodum
638 4058 684 4095 aas
705 4043 744 4114 ab»
758 4058 798 4109 ea,
820 4058 897 4111 quam
916 4043 1048 4108 eontinet,
1068 4059 1135 4112 aqua
1151 4043 1194 4096 vel
1213 4047 1283 4096 aire.

354 4049 363 4098 l

355 4051 383 4210 ΙΙ
404 4139 443 4193 Oi.
463 4140 541 4208 Phys.
560 4139 604 4206 tlt,
622 4143 655 4193 5:
677 4139 761 4213 σῶμα
778 4144 832 4213 μέν
851 4143 910 4194 ἐστι
929 4140 960 4195 τὸ
980 4141 1070 4212 πάντῃ
1092 4143 1158 4210 ἔχον
1177 4141 1335 4195 διάστασιν·
1406 4110 1409 4127 Ι

351 4239 381 4309 3)

401 4238 466 4291 lbid.
488 4237 530 4305 ΙΙΙ,
555 4240 585 4290 l:
612 4238 789 4311 διαστήματα
808 4239 866 4308 ἔχει
884 4241 968 4310 apta,
986 4237 1073 4309 μῆκος
1097 4241 1145 4290 aci
1163 4239 1269 4299 ntem
1288 4236 1336 4289 καὶ

242 4336 338 4406 βάθος.
