2910 4698
658 263 869 326 ...52-

226 443 365 508 subiecto
388 449 418 507 et
440 442 563 508 obiecto
585 461 683 508 vacua
704 443 883 508 conditione
897 442 1111 526 procedentes,
1137 439 1317 507 existentiae

220 553 310 616 nobis
333 560 459 618 nostrae
478 555 685 636 cognitionem
705 554 889 634 peperimus.
925 554 1041 629 Quodsi
1061 553 1178 616 animus
1201 552 1314 614 nullam

222 664 376 727 etiamtum
399 663 446 726 sui
470 665 692 728 conscientiam
714 671 872 728 assecutus
893 664 1080 744 postulatur,
1104 663 1184 725 idem
1209 669 1318 743 postu-

221 772 300 834 latur
323 778 430 836 utens
455 774 588 851 δυνάμει
613 763 664 851 ὅν,
693 773 774 853 quod
804 774 940 854 quamvis
970 773 1121 836 facultatis
1149 773 1180 833 in
1200 791 1237 842 se
1259 771 1319 833 du-

174 918 178 928 ,
221 881 310 962 plicis
332 881 467 944 indolem
487 888 517 944 et
546 882 633 961 quasi
656 883 813 945 materiam
836 883 997 946 continens
1025 902 1059 946 se
1088 884 1186 963 ipsum
1216 887 1317 944 tamen

223 1008 285 1054 non
307 996 407 1070 potest
434 991 465 1051 in
493 992 683 1054 existentiam
714 993 882 1056 transferre
895 994 933 1070 ⁸).
986 993 1109 1055 Possem
1137 990 1188 1052 hio
1221 992 1251 1052 in
1279 991 1318 1054 iis

225 1099 391 1177 immorari,
416 1116 493 1179 quae
515 1099 644 1162 historia
666 1102 802 1180 praebet,
827 1101 1019 1164 documentis
1039 1118 1163 1179 eorum,
1188 1099 1238 1180 qui
1261 1099 1319 1162 ad-

224 1209 284 1272 hue
306 1209 438 1272 infantes
463 1226 518 1288 per
539 1208 748 1272 calamitosum
770 1211 892 1290 aliquod
909 1211 1105 1274 intortunium
1129 1230 1167 1274 ex
1187 1210 1318 1272 humana

225 1319 375 1382 societate
399 1319 490 1381 eiecti
512 1317 697 1398 aliquamdiu
728 1321 810 1382 omni
832 1320 990 1382 interclusi
1014 1321 1136 1384 suerunt
1165 1319 1319 1383 hominum

229 1427 429 1490 consortione
452 1445 488 1490 ao
512 1428 753 1491 necessitudine.
799 1429 859 1493 Sed
877 1430 913 1490 in
943 1429 1071 1509 teipsum
1099 1447 1148 1492 me
1171 1436 1319 1492 converto

226 1599 510 1615 ——un—nn—-n-—e—

229 1725 293 1761 nere
313 1711 510 1774 conscientiam,
530 1725 607 1761 nemo
628 1717 676 1776 est,
698 1713 761 1779 quin
780 1711 854 1764 sciat.
894 1711 961 1775 Quid
980 1718 1019 1764 eat
1040 1687 1120 1780 crgo,
1140 1710 1226 1779 quod,
1242 1727 1322 1764 acce-

229 1803 307 1857 dente
328 1813 421 1872 postea
439 1807 518 1856 animi
537 1808 577 1857 sui
596 1809 647 1859 ianr
673 1809 771 1859 conscii
792 1823 938 1873 concursu,
959 1809 1150 1871 exsrrscitatur,
1176 1809 1323 1874 percutitur

231 1909 257 1953 et
273 1902 305 1954 ad
320 1903 399 1954 animi
421 1904 501 1953 vitam
523 1903 663 1955 ineundam
687 1904 851 1970 impellitur?
887 1904 953 1956 Num
973 1911 1013 1956 est
1040 1911 1147 1956 naturae
1168 1903 1320 1968 substantia,

231 1999 314 2062 cuius,
336 1999 387 2065 quir
406 2012 509 2065 corpus,
530 1998 609 2050 homo
628 2002 760 2067 particeps
780 2001 844 2052 est?
880 1999 989 2064 Quidvis
1011 2002 1113 2068 potius3
1134 2015 1192 2051 nam
1213 2007 1322 2051 naturae

232 2096 359 2163 cogitatio
380 2111 458 2162 quum
479 2103 520 2159 (ut
545 2096 611 2147 inira
637 2097 756 2163 pluribus
783 2096 897 2148 enodare
920 2099 947 2148 in
973 2097 1058 2148 animo
1083 2103 1136 2167 est)
1169 2095 1280 2146 insertor
1300 2103 1326 2147 et
1360 2112 1365 2118 ·

232 2190 336 2243 diversa
357 2193 420 2258 quin
440 2193 518 2244 etiam
539 2195 721 2256 contrariasit
738 2195 832 2246 mentia
853 2195 1019 2262 cogitationi,
1039 2209 1171 2261 nunquam
1191 2191 1323 2258 potestati

232 2289 312 2338 animi
332 2265 487 2355 dignitatem
506 2295 561 2338 toto
581 2288 657 2340 coelo
678 2305 693 2339 a
718 2304 764 2340 sua
784 2289 913 2340 diversam
933 2287 1060 2354 provehi;
1084 2288 1116 2338 ad
1139 2287 1205 2352 hoc,
1224 2286 1327 2338 sublata

232 2391 340 2434 natiuae
360 2390 386 2434 et
404 2384 482 2434 animi
503 2383 671 2449 diversitate,
690 2399 742 2435 non
764 2385 864 2450 poteris
886 2398 938 2434 non
963 2399 995 2434 eo
1014 2382 1174 2449 procedere,
1195 2389 1223 2433 ut
1241 2382 1325 2433 Deum

233 2479 301 2530 inter
322 2478 497 2546 mundumque
523 2478 671 2529 absolutum
692 2493 770 2530 omne
799 2480 939 2530 discrimen
965 2478 1053 2531 tollas.
1103 2477 1175 2540 Quae
1200 2479 1250 2543 ipsi
1275 2478 1325 2527 iam

235 2575 366 2625 communi
392 2575 571 2625 conscientiae
590 2575 765 2644 repugnantia
784 2575 806 2626 si
826 2577 926 2626 evitare
945 2576 998 2638 vis,
1019 2573 1055 2625 nil
1075 2579 1210 2639 superest,
1230 2573 1280 2623 nisi
1300 2579 1329 2622 ut

235 2684 281 2720 ens
300 2677 415 2734 statuas,
444 2669 512 2736 quod
532 2671 609 2722 simul
635 2686 693 2721 cum
719 2672 836 2736 corporis
862 2672 1035 2738 generatione
1061 2670 1187 2721 divinitus
1214 2673 1328 2719 creatum

234 2764 333 2816 tamdiu
353 2767 380 2814 in
405 2765 598 2830 potentialitate
619 2765 645 2815 h.
669 2782 693 2817 e.
713 2767 739 2816 in
763 2765 843 2817 realis
867 2766 971 2840 quidem
999 2766 1045 2818 sed
1072 2765 1186 2816 nondum
1215 2763 1327 2815 causalis

235 2861 357 2928 principii
378 2867 447 2912 statu
467 2863 603 2927 persistat,
623 2861 745 2930 quamdiu
766 2839 907 2914 et'mancsi
932 2855 1036 2929 coporis
1058 2861 1160 2913 culturi
1183 2867 1208 2912 et
1227 2860 1327 2912 externi

235 2956 363 3024 impulsus
383 2957 535 3018 deiectione
553 2957 718 3024 impediatur.

334 3053 431 3122 8)an
451 3055 559 3104 enimsi
580 3053 709 3122 largiaris,
730 3052 877 3104 absolutum
897 3053 998 3104 animus
1012 3052 1169 3119 principium
1189 3062 1229 3106 est
1249 3053 1329 3107 nullis

236 3150 453 3215 impressionibus
475 3149 632 3214 obnoxium,
652 3149 723 3200 unde
743 3156 912 3218 sequeretur,
933 3156 961 3199 ut
983 3163 1035 3199 non
1055 3148 1178 3214 haberet,
1198 3152 1267 3218 quod
1286 3151 1329 3202 rel

236 3259 316 3294 unum
337 3247 462 3310 temporis
482 3252 606 3310 punctum
634 3247 658 3296 ei
678 3244 897 3310 praestolaretur,
924 3245 967 3312 qui
989 3245 1021 3294 ad
1047 3245 1130 3309 ipsius
1157 3247 1242 3311 ipsum
1266 3263 1331 3298 con-

236 3341 373 3391 scientiam
394 3340 561 3404 traduceret3
583 3340 630 3392 aed
649 3347 676 3391 ut
697 3342 813 3392 essentia
831 3343 887 3391 eius
908 3357 965 3392 cum
985 3342 1125 3392 existentia
1145 3343 1171 3392 in
1195 3342 1264 3393 idem
1288 3343 1330 3393 in-

238 3434 339 3488 cideret
358 3443 461 3504 tempus
484 3443 628 3488 aeternum.
661 3435 725 3506 ‚Nec
744 3435 771 3486 id
790 3437 896 3500 mirum,
919 3437 1040 3503 quoniam
1062 3436 1084 3486 si
1111 3436 1180 3504 quod
1201 3453 1247 3488 ens
1271 3452 1330 3488 sus-

237 3547 347 3598 pensum
372 3548 425 3584 non
452 3541 492 3584 est
518 3533 550 3584 ab
578 3533 630 3584 alio
654 3531 686 3583 ad
712 3512 885 3584 evolvendam
913 3547 976 3583 suae
1001 3538 1109 3583 naturae
1135 3535 1231 3598 citam,
1251 3533 1332 3584 multo

240 3629 318 3678 ctiam
337 3629 431 3692 minus,
452 3627 521 3695 quod
541 3627 573 3678 ad
593 3629 729 3679 essentiam
749 3628 857 3690 attinet,
879 3643 912 3678 ex
929 3626 997 3677 alius
1014 3626 1130 3692 pendere
1149 3633 1213 3678 nutu
1232 3633 1332 3694 potest3

239 3729 329 3772 contra
350 3720 430 3772 nullis
459 3723 592 3773 astrictum
619 3723 737 3774 terminis
765 3737 844 3790 quum
871 3727 985 3772 creatum
1015 3721 1181 3788 positumque
1205 3737 1260 3772 non
1284 3722 1335 3774 erit

173 3827 182 3836 ¹
238 3822 292 3866 tum
310 3815 361 3868 sibi
381 3817 516 3867 conscium
536 3825 660 3869 aeternae
680 3816 877 3884 perseipsum
897 3814 1032 3880 perlectae
1048 3817 1215 3869 existentiae.
1236 3815 1335 3868 Cuius-

238 3912 309 3965 modi
328 3911 418 3963 divina
437 3927 541 3978 prorsus
561 3913 650 3964 indole
670 3913 718 3964 noa
738 3911 860 3962 homines
880 3924 933 3960 nou
953 3925 1012 3960 esse
1031 3918 1153 3977 ornatos,
1172 3917 1224 3962 tam
1244 3917 1337 3980 aperte

245 4007 322 4058 docet
343 4008 523 4073 conscientia,
543 4017 587 4073 ut,
606 4010 649 4076 qui
670 4013 765 4075 neget,
786 4012 885 4057 tantum
908 4004 1001 4056 abesae
1020 4012 1160 4071 appareat,
1185 4010 1214 4055 ut
1232 4007 1339 4073 integre

241 4102 357 4169 iudicet,
376 4111 404 4154 ut
430 4104 618 4170 praeiudicatis
637 4101 806 4168 opinionibus
827 4099 969 4166 implicitus
999 4100 1031 4151 ad
1058 4099 1247 4152 enucleandam
1273 4115 1344 4152 cou-

243 4200 371 4251 scientiae
390 4207 507 4251 naturam
527 4197 651 4260 accedat,
674 4194 752 4248 'tuttn
772 4195 945 4262 comprobans
968 4193 1032 4245 illud
1053 4195 1177 4248 aliatum:
1196 4194 1339 4263 „Opinloui

243 4295 412 4348 confirmatae
431 4301 524 4346 natura
544 4295 601 4361 ipsa
619 4290 690 4344 cedit
699 4291 721 4342 lt
742 4291 830 4360 (Taso.
853 4289 899 4354 111,
920 4291 959 4358 1).
