2910 4698
599 303 807 363 ..19-

212 479 247 558 d)
278 475 318 543 Τό
344 476 494 563 ἐξαίφνης
517 486 674 561 (repente)
697 478 890 542 commutatio
917 484 964 543 est
983 484 1044 544 tarn
1065 477 1152 543 brevi
1172 484 1253 543 tem·

146 605 223 670 pore
245 587 365 666 effecta,
387 593 421 650 ut
443 588 561 668 percipi
585 591 627 665 ³⁰)
642 593 774 668 nequeat
794 590 850 666 l0).

247 715 401 796 Quidquid
423 715 517 797 igitur
539 722 695 793 movetur,
721 715 752 776 in
774 721 912 795 tempore
933 719 1083 792 movetur,
1108 713 1250 794 qnoniam

148 843 239 908 quum
258 821 293 886 τό
321 827 379 887 νῦν
410 825 509 905 (quod
540 825 680 888 definitur
709 818 782 904 όρυς
809 825 866 886 rod
893 821 1085 906 παρήκοντος
1113 823 1167 884 καί
1193 824 1251 888 τοῦ

146 938 328 1015 μέλλοντος)
350 935 535 1016 intempore
555 936 604 1012 sit,
621 935 704 1014 prius
727 952 763 995 ac
785 933 937 1014 posterius
959 930 995 1013 (ἢ
1012 934 1075 994 aod
1090 933 1145 994 νόν
1169 927 1247 993 α’ττό·

148 1053 274 1121 ornan)
296 1044 327 1106 in
349 1061 387 1107 eo
409 1061 472 1105 non
493 1044 597 1107 inesse
617 1046 781 1125 nequeunt.
811 1042 874 1104 lam
896 1058 973 1105 vero
998 1040 1249 1120 temporalique

148 1158 245 1215 estet
266 1153 298 1215 in
318 1159 400 1216 terra
417 1158 447 1215 et
469 1153 500 1214 in
524 1152 622 1230 ooelo,
648 1153 717 1232 quia
733 1157 779 1215 est
794 1169 938 1215 numerus
960 1170 996 1214 ao
1017 1168 1159 1214 mensura
1180 1167 1249 1213 mo-

147 1266 208 1339 tus,
233 1263 283 1342 qui
307 1262 419 1342 ubique
439 1262 590 1343 reperitur
598 1282 607 1339 ;
637 1261 725 1324 simul
757 1266 826 1323 sunt
849 1261 929 1324 enirn
950 1268 1066 1342 ternpus
1088 1266 1248 1340 nouisque

147 1372 284 1452 potentia
305 1379 335 1436 et
363 1379 442 1436 antu.
485 1373 579 1436 Porro
620 1390 708 1452 quum
732 1377 849 1452 tempus
882 1371 921 1437 sit
942 1388 1085 1442 numerus
1110 1372 1142 1437 iu
1164 1374 1249 1436 motu

150 1496 312 1561 quumque,
337 1481 456 1543 sublato
480 1481 644 1559 intellectu,
668 1481 743 1543 nihil
765 1498 864 1560 neque
880 1499 1041 1544 numerare
1058 1497 1116 1542 neo
1138 1497 1248 1542 nume-

148 1589 213 1651 rari
236 1595 337 1669 queat,
361 1591 508 1670 sequitur,
531 1573 648 1669 ternpus
678 1589 811 1670 pendere
834 1608 873 1650 en
893 1588 1042 1650 intelleotn
1061 1594 1247 1651 numerante.

149 1697 199 1759 Ad
219 1698 280 1760 hoo
300 1704 418 1779 ternpus
450 1717 593 1762 numerus
624 1716 687 1761 non
717 1705 764 1762 est
793 1699 870 1761 certi
890 1697 1045 1762 cuiusdam
1070 1704 1168 1762 motus
1189 1717 1249 1780 ge-

148 1807 244 1885 neris,
266 1807 321 1870 sed
337 1809 470 1871 cuiusvis
487 1811 519 1871 in
534 1809 712 1872 universnm
725 1814 824 1871 motus
849 1809 985 1872 continui
1007 1806 1136 1889 (χρόνος
1159 1806 1248 1888 κινή-

138 1911 230 1989 ὐευός
250 1917 336 1980 ἐστιν
359 1914 466 1993 daton
484 1914 625 2000 ἀριθμός
648 1921 812 1999 συνεχοῦς,
836 1918 903 1982 ἀλλ’
932 1918 973 1980 ντί
993 1920 1084 1991 τινός.
1107 1917 1157 1996 lv,
1183 1918 1247 1995 14).

149 2024 238 2088 Unde
264 2027 372 2089 iterum
394 2033 537 2108 apparet,
565 2045 658 2090 unum
687 2046 757 2091 esse
780 2033 896 2108 tempus
921 2034 1025 2109 utpote
1048 2047 1087 2092 ex
1106 2045 1167 2091 una
1191 2045 1249 2091 eo-

218 2307 266 2374 39)
283 2301 313 2362 τό
332 2308 362 2364 dl
385 2311 520 2382 ἐξαίφνης
547 2301 577 2364 τό
597 2311 627 2368 tr
653 2307 869 2380 dracontites
895 2307 992 2382 χρόνῳ
1019 2298 1067 2360 ded
1093 2307 1248 2380 μικρότητα,

150 2402 262 2460 ἔαυτόν.
301 2405 367 2468 Quid
386 2404 474 2457 vero?
511 2405 604 2458 Nonne
632 2404 698 2458 haee
725 2413 842 2473 pugnant
859 2420 916 2456 cum
943 2405 976 2456 iis
996 2404 1134 2471 stagiritae
1154 2403 1247 2470 allatis,

151 2500 288 2569 inquibus
310 2501 489 2569 ἀναίσθητον
509 2509 612 2568 tempus
630 2509 720 2568 aperte
746 2499 855 2552 reiicit?
881 2499 954 2552 vellat
973 2502 1006 2553 de
1025 2517 1095 2554 sens.
1116 2510 1142 2553 et
1161 2501 1249 2554 sensit.

149 2596 208 2648 Vll:
231 2595 246 2652 ὃ
269 2598 299 2652 dt
318 2600 434 2670 λέγουσί
450 2615 523 2659 τινες
548 2603 604 2651 τῶν
629 2602 696 2670 περὶ
715 2592 764 2658 τός
785 2603 955 2670 συμφωνίας
976 2594 1019 2650 ὅτι
1047 2597 1098 2668 οὐχ
1116 2595 1177 2669 ἅμα
1194 2598 1249 2670 μὲν

151 2690 340 2765 ἀφικνοῦνται
357 2697 388 2748 ot
403 2693 506 2767 ψόφοι,
527 2700 681 2767 φαίνονται
700 2693 730 2748 dt
749 2697 796 2748 καί
816 2692 962 2758 λανθάνει,
984 2689 1067 2748 όταν
1087 2692 1102 2748 ὁ
1118 2693 1252 2766 χρόνος

150 2784 166 2862 ᾗ
186 2789 426 2858 ἀναίσθητος,
447 2793 570 2863 πότερον
590 2790 685 2864 ὀρθῶς
705 2793 815 2864 λέγεται
834 2787 849 2857 ἢ
870 2790 921 2859 οό;
942 2830 948 2844 .
968 2829 975 2844 .
997 2829 1003 2847 .
1024 2831 1031 2844 .
1051 2789 1124 2850 οὐδ’
1142 2792 1247 2850 tade-

149 2875 411 2954 χεταιχρόνσν
440 2886 537 2941 εἶναι
562 2887 792 2953 α’νοιίσθητον
819 2888 970 2952 οὐδένα,
996 2887 1248 2947 oddttnrad-

152 2993 244 3042 νοιν,
267 2973 333 3030 and
361 2975 468 3037 παντὸς
488 2982 630 3050 ἐνδέχεται
656 2984 852 3038 αἰσθάνεσθαι
878 3017 886 3032 .
907 3018 913 3032 .
936 3019 943 3034 .
966 3019 972 3034 .
992 2982 1105 3042 ἅπαντα
1122 2983 1178 3054 μὲν
1196 2977 1248 3038 οὖν

152 3075 275 3141 αἰσθητά
293 3075 371 3131 ἐστιν
390 3113 395 3126 .
414 3117 422 3132 .
444 3112 450 3126 .
474 3114 480 3128 .
502 3073 558 3128 ότι
584 3077 653 3148 μὲν
673 3071 737 3132 οὖν
755 3075 877 3134 οὐδείς
897 3076 1126 3148 ἐστιχρόνος
1145 3077 1247 3136 aiant-

154 3178 303 3239 σθητος,
323 3175 359 3228 ἐν
381 3177 514 3228 τουτων
533 3171 709 3245 φανερόν.
748 3173 829 3238 Quam
849 3173 953 3241 quidem
981 3175 1126 3242 speciosam
1148 3191 1247 3244 repug-

152 3269 264 3323 nantiam
284 3285 361 3338 quum
381 3270 432 3322 iam
451 3269 609 3333 Alexander,
631 3269 804 3340 adstipulante
833 3269 966 3338 Simplicio
990 3271 1021 3342 (l.
1045 3271 1106 3339 178)
1126 3287 1248 3327 remove-

151 3366 193 3430 rit,
211 3366 268 3432 ipsa
284 3365 354 3418 illius
371 3365 452 3418 verba
469 3367 586 3434 prolerre
616 3368 678 3420 satis
698 3368 759 3420 erit:
778 3369 887 3440 μήποτε
901 3363 964 3433 οὖν,
988 3374 1096 3439 φησίν,
1117 3367 1211 3437 ineant
1232 3370 1248 3424 ό

152 3453 289 3529 αἰσθητός
306 3468 355 3518 ant
373 3465 548 3531 ἀναίσθητος
562 3464 667 3536 χρόνος
685 3464 723 3534 api
741 3465 868 3534 αἰσθητῷ
891 3467 938 3516 καὶ
955 3455 993 3535 μό
1014 3463 1140 3536 αἰσθητῷ
1160 3461 1249 3520 πόθει

150 3565 284 3628 κρίνεται,
306 3557 373 3613 ὅταν
391 3547 468 3623 τινός
484 3564 641 3633 γενομένου
670 3557 820 3627 ἀντίληψιν
841 3550 879 3630 μὴ
908 3557 1076 3631 δυνηθῶμεν
1101 3561 1175 3630 ἔχειν
1200 3551 1248 3616 διὰ

150 3656 287 3727 ταχύτητιι
304 3657 357 3728 μὲν
380 3656 427 3720 τός
453 3659 561 3712 ἐκείνου
588 3653 725 3723 ιιινόσεως
750 3654 898 3726 ὀλιγότητα
923 3655 953 3716 dl
978 3658 1027 3710 τοῦ
1043 3657 1157 3730 χρόνον,
1177 3647 1250 3730 Capi

151 3756 261 3826 ίγένειο
282 3751 297 3817 ἢ
317 3751 439 3820 ἐκινήθη,
459 3753 520 3809 τότε
540 3755 584 3808 ἐπ’
603 3756 712 3809 ἐκείνου
730 3751 906 3819 ἀναίσθητος
927 3752 1062 3824 όχςιόνος
1081 3758 1121 3821 εἴη
1142 3754 1179 3810 όν
1197 3754 1248 3812 αό-

150 3867 204 3908 uor
222 3847 287 3920 οὐχ
305 3848 425 3910 ἅπλῶς
444 3849 626 3916 ἀναίσθητος·
733 3904 736 3908 ,

219 3961 265 4030 40)
286 3959 336 4024 0νί
355 3976 425 4012 nune
443 3961 561 4030 sequitur
579 3976 636 4026 cap.
655 3959 716 4012 xllt
735 3961 818 4014 exitus
845 3961 906 4012 inda
925 3977 939 4014 a
958 3962 1045 4014 uerbis
1061 3956 1196 4036 μεταβολὴ
1217 3961 1248 4015 rt

149 4057 231 4111 πόσα
248 4065 299 4109 tam
321 4065 410 4126 aperta
431 4056 516 4125 prodit
535 4057 743 4124 interpolationis
761 4059 880 4128 vestigia,
901 4066 929 4109 nt
947 4059 1115 4125 nonpossirn‚
1135 4057 1196 4124 quin
1215 4056 1247 4107 ab

150 4152 291 4204 Aristotele
310 4170 369 4206 eum
388 4153 542 4206 abiudieem.
562 4155 737 4220 Argumenta,
760 4154 864 4221 quibus,
889 4162 918 4206 ut
938 4155 973 4204 ita
991 4153 1110 4216 seutiam,
1127 4150 1249 4218 adducor,

150 4248 286 4302 enarrsndi
306 4258 332 4304 et
351 4251 499 4305 excutiendi
518 4251 585 4304 intra
603 4249 677 4304 loeus
697 4251 839 4319 apparebit.
