2910 4698
351 1321 596 1408 PARS
664 1321 993 1412 PRIOR.

381 2097 580 2168 Aristotelis
603 2101 643 2164 de
666 2105 777 2184 spatio
799 2101 962 2167 doctrino.

223 2252 370 2316 Notiones
394 2251 433 2314 de
454 2251 553 2333 spatio
576 2255 774 2331 temporeque
806 2257 972 2332 conceptae
1001 2268 1074 2332 prae
1106 2254 1217 2317 ceteris
1310 2229 1314 2238 ’

125 2339 301 2426 Aristotelis
325 2361 469 2442 operibus
491 2361 523 2421 in
546 2377 583 2423 eo
608 2359 673 2422 iere
694 2359 791 2422 sclam
814 2367 924 2423 nactae
946 2365 1016 2422 sunt
1037 2360 1218 2424 illustratio-

92 2489 210 2554 nem,
241 2471 323 2551 quod
355 2470 532 2550 inscriptum
565 2475 612 2531 est
641 2466 759 2550 pecoraq*
790 2465 951 2550 ἀκρόασις.
1006 2470 1097 2532 Cuius
1129 2470 1215 2532 initio
1319 2554 1324 2558 -
1442 2457 1443 2460 “

23 2629 26 2632 -
124 2581 244 2662 quidem
269 2580 369 2657 docet,
394 2579 432 2641 ad
454 2583 592 2641 naturam
608 2577 728 2656 penitus
746 2579 995 2658 cognoscendam
1013 2577 1215 2640 inchoandum

123 2708 191 2753 esse
214 2709 230 2751 a
254 2689 420 2772 generibus
450 2706 505 2751 seu
527 2687 679 2750 universis
708 2687 885 2767 principiis,
909 2705 1037 2768 quorum
1060 2693 1216 2750 enumerat

121 2799 196 2859 tria:
218 2798 375 2861 materiam
397 2792 471 2877 (τήν
495 2790 607 2876 ἕλην),
636 2795 765 2858 formam
795 2793 843 2872 (εό
866 2790 985 2876 εἶδος),
1013 2795 1216 2876 privationem

123 2901 197 2983 (τήν
219 2909 403 2987 στέρησιν),
426 2904 474 2967 vel
496 2905 606 2984 potiuS‚
627 2904 730 2966 ultima
752 2911 790 2966 ιιΙ,ι
806 2901 1006 2986 συμβεβηκὸς
1028 2906 1059 2966 in
1088 2905 1215 2984 primum

121 3013 292 3091 recidente,
319 3013 396 3075 duo:
422 3013 579 3074 materiam
602 3019 633 3074 et
654 3013 801 3088 formam,
829 3012 859 3072 in
883 3013 992 3092 quibus
1013 3019 1120 3076 natura
1141 3030 1216 3075 ver-

119 3131 221 3200 setur3
251 3122 381 3185 subinde
406 3138 497 3202 quum
521 3121 638 3184 formae
664 3120 737 3182 insit
758 3126 857 3182 motus
879 3120 1060 3201 principium
1084 3127 1114 3184 et
1134 3122 1213 3200 time,
1252 3117 1254 3128 '

120 3239 249 3313 quatuor
270 3251 372 3296 rerum
395 3215 505 3295 causas
527 3231 670 3311 proponit
692 3225 744 3306 (τὸ
770 3221 863 3308 εἶδος,
888 3226 943 3310 τὴν
964 3225 1060 3313 ὕλην,
1078 3230 1133 3311 τήν
1154 3231 1212 3312 ἀρ.

118 3339 179 3422 χήν
201 3345 254 3423 τῆς
278 3340 426 3424 κινὴόεως
455 3339 509 3402 καί
531 3337 566 3402 τὸ
593 3346 697 3420 τέλος)
721 3340 759 3402 ud
787 3339 937 3421 duplicem
964 3346 1065 3404 iumen
1095 3341 1213 3403 somnae

121 3466 157 3509 ac
176 3449 322 3510 materiae
343 3449 549 3511 revocandas.
595 3447 710 3521 Quibus
735 3448 882 3528 expositis
904 3453 1063 3527 postquam
1087 3446 1125 3508 de
1140 3446 1211 3525 iine,

120 3574 208 3638 quem
231 3562 338 3617 natura
361 3556 482 3634 appetit,
505 3556 543 3617 de
561 3561 643 3616 motu
664 3562 694 3617 at
712 3555 829 3618 infinito
853 3555 1008 3632 disseruit,
1033 3554 1155 3618 tandem
1173 3555 1211 3618 ad

120 3666 209 3747 spatii
231 3667 307 3742 (τοῦ
327 3659 442 3740 τόπου)
471 3662 683 3726 excutiendum
707 3663 830 3726 accedit
851 3669 1006 3742 naturam,
1030 3671 1214 3746 quapropter

120 3775 215 3856 ipsum
238 3775 296 3838 iam
316 3774 529 3855 philosophum
553 3779 815 3856 argumentantem
840 3773 980 3838 iacimus.

219 3883 315 3946 Nemo
339 3890 402 3961 est,
426 3882 498 3962 quin
521 3884 662 3962 fateatur,
689 3883 893 3964 quodcunque
915 3885 972 3963 sit,
998 3901 1068 3948 esse
1100 3883 1210 3946 alicubi

119 3988 173 4070 (ια’
197 3983 270 4054 ὄντα
291 3983 372 4054 εἶναι’
393 4003 469 4069 noo)
495 3991 586 4070 idque
608 3992 717 4071 solum,
740 3993 822 4073 quod
838 3994 961 4056 omnino
978 4010 1040 4054 non
1062 3993 1111 4069 sit,
1135 4009 1212 4052 nus·
1267 4071 1269 4079 J

120 4118 209 4180 quam
235 4101 379 4164 existere.
424 4099 499 4162 Tres
522 4101 601 4163 enim
628 4107 748 4165 exstant
772 4103 927 4181 rationes,
956 4121 973 4164 e
1002 4100 1109 4182 quibus
1141 4117 1211 4162 esse

119 4208 248 4288 spatium
266 4208 443 4289 planissime
463 4209 656 4290 perspicitur.
700 4211 783 4274 Patet

187 4319 220 4394 1)
245 4335 283 4380 ex
303 4325 405 4382 mutua
434 4336 597 4401 corporum
620 4319 651 4382 in
673 4320 784 4384 eodem
812 4318 883 4381 loco
913 4315 1132 4396 consequentia
1161 4316 1211 4394 (ἐκ

989 4425 1004 4486 1
