2910 4698
594 317 803 377 ..η-

148 482 221 554 tttn'd
245 493 342 574 ipsum
374 498 429 555 εει.
482 493 544 556 lam
572 511 646 556 vero
681 493 790 555 localis
824 494 870 556 rei
902 499 1008 556 natura
1040 499 1201 574 propterea
1231 514 1248 556 a

149 603 325 664 continente
357 601 417 664 alio
459 619 589 682 corpore
617 619 678 663 non
706 601 834 682 pendet,
865 602 945 682 quod
972 608 1099 664 naturae
1126 603 1253 682 spatium

148 716 194 772 εει
218 710 361 790 quiddam
384 727 451 772 cum
475 709 609 790 qualibet
635 715 723 790 parte
744 710 891 772 materiae
915 716 1055 791 tanquam
1072 710 1161 773 buius
1182 711 1250 772 vir-

146 825 194 882 tus
225 819 405 882 necessario
430 818 635 882 coniunctum.
684 819 770 881 Unde
799 824 898 899 patet,
931 838 996 882 rem
1031 836 1091 882 non
1123 825 1183 884 tam
1218 819 1250 880 in

147 929 246 1008 spatio
268 928 398 1007 versari,
421 945 511 1008 quam
547 928 679 990 indutam
702 945 773 990 esse
794 928 883 1008 spatii
906 929 1092 1009 formaque
1115 946 1155 991 ne
1176 945 1253 992 coe-

76 1111 80 1117 ,
146 1015 212 1102 lunr¹
229 1037 351 1118 quidem
373 1055 398 1100 s.
428 1037 557 1118 sphaera
578 1036 726 1098 anniversa
742 1036 884 1100 destituta
906 1037 954 1099 sit.

214 1145 252 1225 t)
275 1146 429 1226 Denique,
450 1153 483 1208 ut
506 1147 618 1208 mittam
642 1145 744 1226 superi
768 1145 920 1227 inferique
943 1145 1150 1225 differentias,
1174 1146 1246 1226 quid

148 1255 187 1318 dc
204 1254 266 1317 loci
289 1256 467 1318 discrimine
495 1255 663 1318 communis
684 1261 713 1316 et
735 1255 851 1335 proprii
874 1255 1069 1320 iudicandum
1090 1253 1142 1333 sit,
1163 1254 1244 1317 baud

149 1364 262 1428 diutius
292 1364 464 1447 ambigitur.
522 1366 596 1428 Nam
629 1365 655 1427 si
689 1364 817 1444 spatium
849 1371 895 1427 est
926 1365 1022 1428 torma
1056 1363 1247 1442 existentiae,

150 1473 287 1554 sequitur
309 1480 341 1535 ut
362 1472 476 1554 ubique
505 1475 535 1534 in
559 1473 666 1535 eadem
690 1471 859 1535 substantia
883 1473 964 1536 idem
987 1473 1037 1552 sit,
1061 1473 1128 1536 sive
1148 1473 1251 1536 mino-

148 1602 215 1647 rem
235 1582 384 1664 respicias
406 1583 473 1644 sive
499 1582 647 1644 maiorem
673 1581 738 1642 cius
759 1587 883 1661 partem.
927 1580 1106 1662 Negandum
1129 1580 1250 1662 quidem

148 1709 211 1754 non
234 1697 298 1768 est,
320 1690 474 1755 bominem
497 1691 629 1771 spatium
654 1708 747 1770 posse
775 1690 831 1752 sub
859 1689 961 1752 varias
991 1690 1193 1753 distribuendi
1221 1696 1251 1754 et

67 1843 69 1846 -
151 1798 333 1880 disponendi
367 1799 454 1881 leges
487 1798 638 1863 reducere
666 1798 751 1859 velut
781 1798 807 1860 si
842 1797 941 1860 locum
972 1802 1128 1879 tempusve
1157 1799 1249 1862 certis

147 1908 297 1985 terminis,
321 1907 482 1985 distantiis,
511 1905 772 1987 magnitudinibus
794 1906 925 1969 metitur.

246 2017 401 2079 Hactenus
424 2013 462 2079 de
486 2015 584 2095 spatio
595 2035 604 2092 ;
625 2020 721 2078 restat
740 2021 773 2076 ει

233 2150 267 2212 ιι.
313 2149 352 2211 dc
381 2153 515 2227 tempore
536 2147 682 2210 dicamus.
728 2147 782 2208 Cui
808 2163 869 2208 non
899 2146 996 2208 minus
1030 2163 1119 2228 quam
1147 2146 1247 2226 spatio

148 2257 227 2321 haud
250 2257 331 2320 nulla
358 2257 396 2319 ab
416 2256 584 2320 Aristotele
605 2256 793 2334 tribuuntur,
823 2253 931 2334 quibus
958 2254 1082 2317 omnino
1112 2254 1247 2318 assenti-

149 2383 233 2444 mur,
253 2365 337 2458 velut
358 2371 477 2446 tempus
498 2382 556 2428 nec
577 2369 690 2426 motum
713 2381 771 2426 nec
794 2362 860 2425 sine
885 2368 967 2425 motu
984 2365 1025 2442 ³⁰)
1055 2381 1124 2428 esse
1145 2379 1246 2446 neque

151 2476 182 2536 in
204 2474 372 2538 substantia
394 2473 566 2536 consistere
589 2472 688 2552 aliqua
703 2474 755 2550 ³¹).

146 2686 416 2700 m

250 2833 298 2901 30)
318 2831 359 2886 Ul.
379 2831 479 2883 lucret.
496 2829 529 2881 do
547 2845 596 2881 rer.
616 2836 667 2880 εει.
688 2828 709 2893 l,
724 2827 792 2880 too:

287 2925 398 2992 Tempus
418 2926 479 2976 item
499 2939 546 2990 per
565 2939 594 2976 εε
612 2939 664 2974 non
684 2931 732 2987 εει,
752 2922 799 2974 sed
817 2920 894 2972 rebus
913 2919 945 2971 ab
964 2920 1028 2986 ipsis

286 3021 460 3089 Consequitur
479 3035 571 3071 εεεεεε
591 3027 745 3070 transactum
764 3015 825 3086 quid
846 3018 879 3068 ειι
897 3017 923 3067 in
945 3030 1021 3080 aevo,

290 3117 352 3168 lum
373 3131 500 3183 quaeres
518 3117 606 3179 instet,
625 3115 686 3183 quid
707 3128 785 3180 porro
803 3111 897 3164 deinde
917 3118 1057 3178 aequatur:

288 3211 451 3282 Nauporto
470 3226 620 3278 wentanam
639 3219 734 3278 tempus
752 3210 848 3262 sentire
866 3206 1000 3276 fotendum
1018 3213 1055 3258 εει

284 3309 413 3360 demotum
430 3307 462 3360 ab
480 3324 568 3360 rerum
585 3315 654 3358 motu
670 3305 825 3374 placidoque
847 3305 938 3372 quiete.

251 3426 300 3497 31)
320 3427 402 3478 Recte
421 3428 497 3478 etiarn
511 3428 537 3477 in
557 3441 588 3478 εο
607 3426 762 3478 Aristoteles
782 3441 815 3476 ex
832 3439 880 3475 sua
898 3421 1013 3472 doctrina
1031 3419 1164 3482 iudicavit,
1178 3420 1247 3486 quod

152 3532 252 3590 tempus
274 3521 331 3572 sine
354 3522 440 3572 animo
458 3522 563 3572 omnino
582 3536 641 3572 esse
665 3520 780 3586 negavit.
823 3518 887 3570 Nam
915 3517 936 3566 ει
965 3523 1067 3582 tempus
1091 3521 1131 3566 εει
1159 3521 1246 3566 motus

152 3632 291 3680 numerus,
310 3613 464 3683 intelligitur
482 3615 625 3666 arctissime
650 3612 715 3664 illud
736 3626 880 3663 connexum
900 3625 959 3661 εεεε
979 3624 1038 3660 curn
1055 3623 1086 3660 aa
1112 3607 1245 3673 facultate,

152 3712 193 3764 oui
213 3709 364 3762 numerandi
382 3709 422 3762 ειε
440 3708 595 3760 attribuitur.
632 3706 678 3758 Est
696 3707 762 3758 baec
780 3713 868 3760 autem
885 3706 1002 3756 animoa:
1021 3719 1158 3758 numerare
1177 3705 1248 3774 anim

153 3806 219 3860 nibil
244 3814 284 3858 εει
310 3806 361 3856 nisi
391 3806 435 3856 uni
463 3804 532 3855 aliud
552 3819 629 3854 unum
648 3801 690 3854 vel
720 3802 795 3868 plura
817 3815 867 3850 una
898 3798 1021 3852 adiicere.
1066 3800 1162 3852 llatura
1182 3813 1245 3852 uero

152 3909 258 3971 propter
277 3898 480 3962 substantialem,
500 3899 525 3949 in
540 3913 614 3967 quam
627 3897 756 3960 discessit,
777 3893 953 3961 duplicitatem
973 3894 1044 3946 nullo
1064 3896 1140 3948 modo
1157 3900 1246 3961 potest

152 3999 257 4051 unitatis
277 3997 361 4048 ideam
380 3993 613 4061 comprehendere3
633 3991 679 4043 sed
699 3999 739 4042 est
757 3990 823 4042 baec
835 3990 916 4042 solius
935 3992 1013 4044 animi
1027 3991 1246 4059 propria,quippe

154 4096 199 4162 qui
218 4110 250 4145 ex
269 4091 418 4144 formalibus
441 4088 628 4158 phaenomenis
648 4102 774 4156 esurgens
793 4088 913 4155 principii
933 4089 972 4138 sui
990 4088 1116 4138 unitatem
1133 4099 1248 4151 recepe.

157 4191 197 4247 rlt,
233 4190 290 4252 Quo
311 4189 340 4240 lit
358 4196 386 4240 ει
409 4187 509 4238 animus
527 4185 554 4236 in
573 4199 649 4252 quem
668 4183 752 4236 solum
772 4182 814 4235 lex
833 4181 986 4236 numerandi
1004 4180 1085 4243 cadit,
1111 4180 1157 4230 ubi
1176 4187 1244 4250 tem·

156 4301 205 4358 pua
224 4298 331 4338 numero
355 4291 470 4350 constat,
497 4281 643 4352 vanissimi
663 4281 786 4333 momenti
807 4279 841 4332 sit
864 4279 896 4332 ad
925 4278 981 4330 etur
1007 4275 1190 4342 existentiam
1212 4275 1251 4344 el,
