2910 4698
52 524 56 532 .
129 487 255 551 operam
278 471 423 552 praebet,
445 478 477 536 ut
504 473 541 535 alr
564 475 630 536 eius
658 491 763 538 norma
789 475 947 557 cogitandi
971 475 1046 539 nihil
1075 476 1222 542 discedat.

129 579 186 641 Est
206 597 281 642 vero
313 580 419 644 eadem
441 583 596 661 notionis,
624 601 702 663 quae
730 583 894 648 schematis
926 586 1025 664 ratio,
1057 587 1100 650 ita
1130 593 1223 651 utne

129 691 189 752 ista
224 689 343 770 quidam
373 690 463 754 ullam
497 692 607 756 habeat
634 693 791 756 veritatem
824 700 853 756 et
883 694 1135 776 intelligentiam,
1165 696 1225 758 nisi

129 803 280 879 quatenus
303 797 342 861 ad
363 806 491 863 naturae
518 818 569 863 res
597 806 738 883 tanquam
767 802 805 865 ad
827 803 1012 866 substratum
1041 811 1071 867 et
1101 801 1223 868 ὑποκει-

125 929 221 986 μενον
244 908 406 971 referatur.
450 909 529 985 Quot
551 910 643 992 igitur
664 929 766 975 rerum
790 930 922 993 genera,
945 913 1083 992 species,
1106 913 1222 976 classes

86 1083 88 1087 ,
129 1021 268 1095 exstant,
292 1017 418 1080 totidem
442 1025 607 1099 conceptus
635 1020 750 1102 gradus
772 1021 833 1083 sint
854 1039 984 1084 necesse
1006 1028 1071 1099 cst,
1094 1038 1221 1102 quoraun

129 1141 263 1187 summus
283 1121 332 1201 (τὸ
354 1123 385 1188 ri
404 1145 429 1190 ε.
450 1144 501 1190 res
524 1126 556 1189 in
575 1127 769 1206 universum,
791 1129 909 1204 Etwas)
932 1129 1033 1192 omnia
1055 1129 1144 1192 simul
1164 1149 1223 1194 na-

126 1237 215 1296 turae
232 1234 442 1314 phaenomena
467 1235 676 1316 complectitur
703 1243 809 1317 estque
837 1239 973 1302 formalis
996 1240 1220 1320 quodammodo

127 1342 221 1404 realis
244 1344 401 1407 varietatis
421 1345 531 1407 unitas.
576 1346 653 1408 llinc
671 1351 805 1427 apparet,
828 1353 968 1410 naturam
988 1347 1019 1408 in
1043 1347 1118 1410 duas
1140 1347 1221 1408 divi-

126 1469 194 1514 sam
215 1471 285 1516 esse
306 1458 407 1532 partes
425 1453 592 1514 obiectione
616 1453 768 1515 rectitatis
791 1460 821 1516 et
841 1453 1027 1517 subiectique
1046 1454 1218 1536 formato·

130 1559 184 1639 tis,
210 1578 289 1641 quae
311 1561 390 1625 adeo
414 1562 508 1625 altera
540 1563 577 1625 ab
601 1562 696 1626 altera
724 1561 898 1644 pendeant,
931 1569 963 1625 ut
994 1565 1062 1627 sine
1092 1571 1220 1646 utraque

126 1687 234 1732 manca
256 1670 295 1734 sit
317 1676 446 1734 naturae
466 1672 528 1735 vita
551 1678 580 1734 et
604 1673 763 1736 existentia
785 1690 886 1752 neque
906 1673 1046 1736 omnibus
1069 1674 1133 1736 suis
1160 1692 1220 1736 nu·

126 1777 218 1840 meris
238 1779 387 1843 absoluta.
439 1781 525 1855 Quae
546 1787 579 1842 ut
606 1781 798 1845 evidentiora
822 1783 910 1860 fuant,
934 1787 1098 1863 conceptus
1121 1783 1219 1863 qualis

125 1885 177 1964 sit,
201 1887 405 1968 exploremus.
448 1888 640 1968 compositus
663 1894 709 1952 est
730 1890 808 1952 enirn
832 1910 849 1953 e
875 1890 1019 1954 dualitate
1042 1891 1173 1954 subiecti
1190 1897 1220 1974 et

124 1995 314 2074 praedicati,
340 1992 504 2078 singularis
526 2004 556 2061 et
576 1998 771 2077 universalis,
794 2000 912 2062 formae
935 2005 965 2063 et
986 2001 1033 2063 rei
1054 2007 1217 2064 contentae

127 2105 235 2179 (form
254 2105 316 2167 und
340 2106 453 2190 lnhalt)
476 2108 496 2168 i.
520 2125 548 2170 e.
573 2107 716 2170 iudicium
739 2108 770 2169 in
796 2126 830 2172 se
854 2109 1000 2185 continet,
1024 2110 1168 2188 quoniam
1188 2110 1220 2170 in

124 2212 293 2276 subiectum
314 2216 460 2298 uariaque
482 2216 553 2279 huic
576 2216 805 2280 accommodata
835 2216 1082 2297 praedicamenta
1115 2217 1220 2280 disce-

66 2301 73 2312 ·
122 2323 175 2386 dit.
219 2325 257 2387 Et
278 2331 380 2390 tamen
400 2332 515 2388 tantum
537 2324 625 2388 abest
647 2331 690 2404 ιιι,
713 2343 890 2406 quamquam
915 2325 1002 2405 quasi
1023 2324 1074 2388 lex
1095 2330 1124 2388 et
1139 2343 1218 2388 nor-

121 2450 171 2494 ma
193 2439 331 2511 naturae,
349 2451 405 2514 per
421 2452 456 2496 sc
479 2440 570 2514 queat
590 2433 867 2497 manifestationum
888 2452 1011 2497 causam
1027 2433 1218 2514 perquirere,

121 2546 156 2602 ut
189 2541 228 2602 sit
260 2543 362 2606 mera·
372 2541 651 2620 ploerromenoram
680 2542 722 2603 od
747 2542 957 2621 phoenomena
986 2541 1095 2604 relatio
1125 2540 1154 2603 h.
1188 2560 1215 2605 a.

123 2649 263 2714 formalis
287 2655 318 2714 et
343 2651 531 2716 subiactivae
560 2651 758 2733 apparitionis
789 2652 827 2715 ad
855 2651 1037 2716 obiectivam
1069 2655 1215 2716 materfa-

121 2758 242 2838 lemque
265 2761 466 2826 existentiam.

223 2869 258 2945 2)
278 2867 406 2932 Animus
433 2875 532 2934 autem
560 2870 768 2950 esingulari,
802 2888 860 2951 qua
891 2869 1047 2950 praeditus
1078 2876 1147 2948 est,
1172 2868 1214 2947 vi,

121 2973 330 3055 phaenomena
355 2976 508 3055 quaelibet
524 2976 575 3038 ad
604 2977 786 3056 principium
811 2977 990 3053 referendi,
1018 2977 1069 3038 hic
1096 2994 1217 3057 quoque

122 3087 249 3144 naturae
272 3083 423 3145 succurrit
446 3083 659 3163 duplicemque
687 3083 752 3144 eius
774 3082 1053 3162 phaenomenorum
1084 3083 1216 3150 dualita-

120 3196 183 3252 tem
207 3189 245 3252 ad
265 3189 407 3270 principii
430 3191 576 3252 unitatem
604 3190 756 3253 reducere
788 3197 924 3253 conatur.
969 3188 1129 3264 Quomodo
1159 3207 1219 3253 au-

120 3304 184 3361 tem
212 3298 297 3361 hocf
352 3300 427 3362 Num
459 3298 531 3380 quid
566 3306 613 3364 est
645 3307 771 3364 naturae
799 3300 978 3382 principium
1012 3305 1135 3381 practer
1162 3299 1217 3366 illa

119 3407 355 3487 phaenomena?
397 3407 434 3469 Et
458 3407 485 3469 si
507 3407 548 3470 ita
569 3415 633 3487 cst,
661 3409 764 3488 quidni
786 3414 911 3485 natura,
935 3407 1014 3470 sicut
1036 3408 1169 3485 animus,
1195 3425 1213 3469 c

119 3515 399 3596 phaenomenorum
434 3514 575 3576 fluctibus
608 3533 757 3597 esurgens
789 3516 835 3577 sui
870 3513 997 3576 conscia
1023 3513 1077 3575 lit?
1128 3514 1210 3588 Quas

120 3625 316 3704 quaestiones
337 3624 397 3688 hoc
418 3625 490 3688 loco
521 3623 648 3688 strictim
677 3628 789 3685 tantum
818 3623 993 3704 pertingere
1021 3622 1104 3684 licet.
1136 3622 1214 3684 xllu-

118 3732 230 3814 plicam
254 3740 380 3797 naturae
401 3752 472 3797 esse
493 3733 772 3796 manifestationem
795 3731 944 3809 vidimus,

184 3852 219 3917 o)
241 3840 455 3921 scolasticam,
477 3860 554 3922 quae
573 3842 698 3923 [ermuli
727 3847 846 3904 constat
869 3846 899 3903 et
927 3839 1211 3916 universalitatem

119 3954 150 4011 et
173 3955 335 4028 conceptus
354 3951 582 4028 perpetratione
588 3970 600 4024 ,·
621 3958 651 4012 et

222 4107 269 4174 21)
288 4105 335 4158 Est
356 4106 424 4157 enlm
449 4112 573 4157 externae
596 4113 704 4157 naturae
727 4107 868 4158 matcrlalis
893 4104 1045 4157 informatio
1070 4104 1170 4154 interna
1188 4117 1210 4154 ε.

120 4201 247 4268 cogitatio
272 4199 611 4254 roalicunivcrsalitatisa.
631 4199 751 4253 adiutus
774 4201 898 4255 resumtio
923 4207 995 4252 extra
1018 4213 1049 4252 aa
1076 4205 1211 4250 emanatas

120 4297 280 4354 eminadas
301 4299 494 4369 (Variuuamnq
512 4297 559 4350 der
578 4298 794 4367 Vertusacrunq).

987 4389 1007 4454 5
