2910 4698
252 447 541 532 ditucuttatibusque
555 449 735 531 implicatur.
780 453 879 516 Locus
906 451 987 516 enim
1010 470 1068 516 nec
1092 453 1253 534 corporeis
1279 471 1370 516 con-

248 563 331 621 stare
354 576 412 621 nec
434 557 689 622 intellectualibus
721 558 941 639 (ἀσωμάτοις,
974 570 1111 644 coprete)
1142 562 1312 626 elementis
1339 569 1370 626 et

251 672 351 730 temen
374 667 486 748 aliquid
511 686 581 732 esse
603 668 714 732 dicitur
731 673 772 746 ιιι)
802 687 858 750 per
884 689 919 732 se
941 672 1123 750 subsistens,
1147 673 1229 752 quod
1253 678 1368 736 emoto

250 793 380 857 corpore
410 795 480 840 esse
513 795 574 839 non
597 777 718 842 desinat
740 782 803 857 ὁὸ),
832 785 939 842 contra
976 778 1055 842 adeo
1089 779 1200 843 habeat
1223 779 1367 860 aliquam
1424 839 1425 846 ,

252 891 373 965 praeter
394 903 523 966 corpora
540 887 711 965 veritatem,
735 894 778 967 ut,
801 887 921 950 illorum
942 889 1073 952 motibus
1087 907 1150 951 non
1171 889 1361 967 obnoxium,

225 971 407 1074 'separetur
436 995 474 1056 ab
503 996 541 1057 iis
571 993 733 1074 (χοριστός
764 993 779 1056 ὁ
814 993 907 1070 τόπος
937 993 1068 1059 ἑκάστου
1091 997 1203 1077 ἐστίν).
1262 999 1365 1081 igilur

249 1121 339 1182 quum
362 1103 399 1166 ab
420 1121 480 1165 una
502 1110 588 1184 parte
618 1122 808 1186 ecorporea
837 1106 916 1168 mole
946 1124 1007 1168 non
1040 1107 1173 1186 pendeat
1201 1107 1362 1188 pleneque

252 1230 362 1292 expers
381 1211 569 1276 substantiae
591 1221 731 1295 ponatur,
755 1216 792 1279 ab
821 1215 917 1279 altera
939 1216 1122 1280 Aristoteles
1145 1216 1224 1280 adeo
1247 1236 1361 1281 rursus

249 1321 326 1386 toltit
345 1321 426 1384 illam
450 1323 538 1403 quasi
568 1324 751 1386 abstractam
775 1324 840 1387 eius
864 1331 1023 1404 naturam,
1054 1325 1158 1388 virui
1191 1327 1253 1390 sibi
1277 1345 1361 1390 oon-

242 1436 332 1493 stans
352 1449 422 1494 esse
444 1431 593 1494 videatur.
652 1431 726 1494 Nam
757 1433 838 1513 quod
873 1435 968 1496 tribus
991 1434 1085 1516 pollet
1109 1433 1358 1500 dimensionibus

249 1556 306 1601 uec
329 1545 429 1602 tamen
453 1558 521 1603 curn
544 1558 643 1603 vacuo
666 1541 826 1604 intervallo
850 1543 909 1627 (τῷ
931 1545 1025 1628 arvq')
1063 1561 1134 1606 esse
1157 1544 1357 1608 confunden-

248 1647 317 1712 dum
340 1650 519 1728 inculcatur,
546 1688 585 1699 -
609 1651 701 1732 quod,
727 1651 793 1732 ipso
817 1652 954 1731 quamvis
977 1651 1109 1716 abducto
1134 1670 1278 1734 corpore,
1301 1674 1356 1718 rc-

251 1766 352 1822 rnanet
370 1762 422 1838 ⁵⁶),
447 1798 486 1809 -
511 1760 590 1841 quud
614 1778 707 1841 porro
722 1779 812 1842 quum
828 1761 1000 1824 arctissime
1023 1769 1127 1842 tcaput
1147 1782 1213 1826 rem
1235 1759 1356 1840 (datd-

248 1865 343 1943 prada
369 1869 451 1946 ἐστι)
473 1874 534 1931 turn
556 1875 589 1931 ut
611 1889 665 1932 vas
690 1870 929 1952 superficiesque
953 1890 1019 1933 eam
1038 1872 1167 1932 continet
1190 1864 1272 1949 [οἷον
1295 1872 1355 1954 a‘y·

245 1981 330 2052 prior
352 1976 516 2056 περιέχον)
565 2014 603 2024 -
635 1979 749 2059 inquo
781 1979 822 2039 ila
849 1985 1014 2041 coruscant
1035 1981 1122 2059 quasi
1147 1984 1353 2064 (παρεμφαί-

248 2095 370 2164 rotrici)
394 2086 492 2148 torma
516 2092 546 2147 et
568 2089 695 2150 materia
717 2107 830 2166 rerum,
855 2094 888 2150 ut
912 2088 1035 2150 difficile
1058 2089 1108 2166 sit,
1132 2090 1169 2152 ab
1192 2090 1241 2152 bis
1263 2090 1348 2170 illud,

248 2192 450 2276 distinguere,
475 2237 513 2247 -
537 2197 629 2277 quod,
653 2197 817 2259 mobilibus
841 2197 1024 2277 quibuslibet
1045 2199 1248 2278 corporibus,
1283 2205 1350 2262 stu-

242 2303 335 2366 bilem
355 2305 568 2385 immotamque
588 2313 670 2369 tenet
686 2307 881 2385 positionem,
897 2307 1032 2386 —quod
1056 2306 1187 2387 denique
1211 2308 1348 2386 δύναμιν

244 2415 394 2494 quendam
417 2415 538 2495 vimque
564 2416 678 2478 exserit
701 2421 839 2495 corpora'
861 2433 981 2477 sursum
1012 2416 1216 2497 deorsumque
1240 2417 1346 2480 leren-

244 2529 302 2585 tcrn
327 2527 380 2600 ⁵⁷),
404 2559 444 2570 -
476 2542 578 2598 nonne
609 2523 639 2585 id
664 2530 799 2605 apertam
818 2543 891 2604 prae
919 2543 954 2587 se
976 2525 1035 2587 lert
1053 2525 1250 2588 substantiae
1273 2545 1345 2607 spe-

243 2631 343 2693 ciem?
399 2632 480 2695 Cave
516 2639 614 2695 tamen
649 2652 688 2694 err
719 2633 787 2694 istis
810 2651 1016 2714 praepropere
1047 2634 1234 2712 concludas,
1269 2633 1343 2697 Ari-

214 2793 218 2806 ,
244 2739 383 2801 stotelem
405 2741 604 2803 substantiale
625 2741 683 2803 sibi
704 2741 832 2824 spatium
855 2742 990 2805 finxisse.
1035 2740 1100 2806 Hoc
1122 2744 1207 2806 enim·
1225 2745 1283 2808 etsi
1305 2746 1340 2808 ab

243 2846 389 2912 inanitate
411 2849 568 2928 secernit,
603 2849 644 2911 ita
667 2855 767 2912 tamen
799 2852 881 2913 omni
902 2852 1094 2916 substantiali
1116 2853 1214 2917 iorma
1238 2857 1341 2918 exsol-

242 2958 294 3036 vit,
316 2965 349 3020 ut
371 2959 500 3040 spatium
524 2979 540 3022 a
561 2959 742 3040 corporibus
772 2960 943 3024 seiunctum
973 2961 1097 3024 omnino
1128 2963 1263 3025 existere
1285 2983 1341 3028 ne-

241 3074 293 3152 get
316 3072 367 3146 ὁΒ).
414 3071 481 3144 Quo
504 3069 589 3131 litut
610 3069 786 3132 Aristotelis
809 3070 859 3133 illa
878 3070 1040 3149 sententia,
1068 3069 1179 3148 locum,
1204 3074 1339 3152 quamvis

241 3175 345 3186 n—-

310 3230 357 3294 54)
377 3231 437 3282 ἔστι
455 3248 482 3282 τι
502 3229 516 3282 ὁ
537 3229 623 3287 τόπος
641 3223 720 3299 παρὰ
740 3225 773 3280 τά
796 3229 923 3300 σώμαια.

311 3325 358 3393 55)
380 3324 413 3377 ou‘
430 3319 486 3396 γὰρ
507 3322 660 3377 ἀπόλλυται
681 3323 695 3378 ὁ
715 3323 802 3384 τόπος
823 3328 878 3378 τῶν
899 3329 930 3381 ἐν
949 3325 1027 3398 αὐτῷ
1044 3329 1253 3400 φθειρομένων.

310 3421 356 3486 56)
377 3420 408 3475 od
431 3413 489 3492 γὰρ
513 3420 699 3474 dudeciaco
722 3419 808 3482 τόπος
823 3425 878 3478 ruia
896 3424 927 3478 ἐν
947 3425 1022 3494 αὐτῷ
1041 3425 1339 3495 peremptoriarum,

243 3515 285 3580 tv,
308 3520 330 3570 l.

309 3615 355 3678 bi)
374 3613 529 3665 Aristoteles
550 3621 702 3681 postquam,
733 3630 792 3664 esse
817 3614 920 3678 locum,
942 3631 955 3664 e
974 3623 1060 3666 mutua
1090 3630 1226 3683 corporum
1247 3632 1339 3668 conse.

240 3710 344 3778 quentia
367 3709 508 3773 concludit,
530 3725 544 3761 e
564 3711 680 3777 gravium
700 3711 849 3783 leviumque
870 3727 1006 3778 corporum
1025 3719 1095 3763 motu
1115 3728 1165 3763 non
1185 3713 1269 3764 solum
1287 3713 1338 3767 dur

238 3811 367 3862 ἐστίτι
390 3807 403 3859 ὁ
423 3807 526 3871 τόπος,
552 3808 739 3859 verumetiam
766 3807 820 3862 ὅτι
843 3809 916 3878 ἔχει
942 3807 1022 3865 τινὰ
1050 3811 1207 3883 δύναμιν
1235 3811 1335 3864 evincit.

237 3901 306 3954 idem
326 3901 403 3969 plane
424 3901 532 3970 reliquis
558 3905 738 3970 comprobatur
764 3903 830 3956 locis
860 3903 995 3970 omnibus,
1027 3905 1120 3973 quibus
1147 3906 1287 3974 edocetur,
1305 3908 1334 3959 ad

238 4015 311 4052 suum
330 3997 452 4066 quodque
471 4013 566 4065 corpus
586 3998 672 4050 locum
691 4001 768 4065 ferri,
797 4003 832 4053 ita
850 4009 878 4052 ut
896 4002 1016 4054 diversae
1041 4003 1119 4069 spatii
1139 4010 1224 4069 partes
1244 4005 1270 4054 vi
1290 4018 1333 4054 va-

237 4095 308 4148 leant
327 4109 436 4164 corpora
466 4093 515 4146 sibi
539 4093 628 4144 allinia
654 4103 680 4145 et
706 4095 737 4146 ad
765 4112 838 4148 suurn
863 4099 1017 4165 pertinentia
1036 4100 1169 4150 circuitum
1189 4099 1220 4150 ad
1240 4115 1268 4152 se
1285 4107 1331 4150 tro-

236 4193 322 4244 bendi.
1103 4262 1106 4270 ι

308 4288 353 4356 58)
373 4288 446 4352 Quod
473 4296 576 4357 practer
600 4287 651 4339 loct
681 4303 790 4355 corpore
821 4289 935 4342 destituti
967 4292 1171 4346 confutationem
1198 4292 1329 4365 odiseptir
