2910 4698
572 311 781 372 ..25..

126 483 232 567 pergit
252 483 458 548 Aristoteles:
480 479 567 548 ἔστι
598 487 639 548 δὲ
670 483 716 568 δή
745 508 782 547 τι
812 486 881 548 ιιοιί
912 483 953 548 τὰ
980 482 1132 564 μετοξύ
1154 482 1229 546 τοὺ.

128 615 204 670 των,
227 589 246 653 d
267 588 348 674 προς
370 586 518 675 ἑκάτερον
542 591 650 656 αὐτῶν
668 593 788 675 λέγεται
811 585 963 674 da'renoa·¹
1017 588 1084 655 ἔστι
1107 588 1165 675 γὰρ
1188 586 1230 667 οἷς

127 697 263 783 ἔσχατον
282 704 336 764 καί
352 704 452 779 μέσον
477 700 671 785 ἀμφοτέρων
699 697 740 764 τὸ
766 699 928 779 μεταξύ.
980 695 1032 762 διὰ
1054 696 1143 763 τοῦτό
1164 700 1234 763 ἐστι’

128 833 157 872 τι
182 811 237 873 καὶ
258 801 335 872 ἄλλο
358 810 443 890 βασι)
471 808 524 872 aci
546 814 664 893 κοῦφον
687 817 745 874 etc.

231 928 264 994 e)
289 917 370 982 idem
392 924 551 999 practerea
575 938 673 983 exeo
696 919 833 1000 sequitur
858 924 1052 1002 argumento,⁴
1074 936 1133 999 quo
1154 918 1229 980 Ari-

126 1027 258 1091 stoteles
283 1027 413 1108 spatium
435 1047 453 1090 a
472 1029 598 1090 materia
620 1028 797 1109 discrepare
817 1028 945 1109 probat;
969 1045 1129 1090 commune
1149 1026 1228 1089 enim

127 1137 161 1199 id
176 1137 300 1215 habent,
322 1137 414 1216 quod,
438 1142 586 1216 quatenus
609 1143 736 1200 catenen
755 1155 810 1200 seu
830 1137 1071 1200 dimensionibus
1091 1134 1229 1217 praedita

125 1247 280 1329 (μεγέθη)
299 1251 378 1325 sunt,
413 1252 521 1309 natura
554 1252 711 1328 praestant
740 1247 853 1326 infinite
885 1247 1029 1324 dioidcc;
1064 1246 1228 1308 discrimen

90 1362 249 1434 mutem,
282 1372 342 1435 quo
374 1374 391 1417 a
412 1373 447 1418 se
472 1355 605 1419 invicem
637 1357 814 1433 discedunt,
849 1356 880 1417 in
901 1373 938 1418 eo
961 1361 1123 1433 versatur,
1148 1354 1229 1435 mund

125 1465 258 1544 spatium
281 1469 311 1527 et
333 1463 467 1545 disiungi
493 1482 510 1526 a
532 1465 713 1546 corporibus
733 1471 833 1546 potest
856 1464 982 1527 ethaeo
1006 1463 1228 1544 complectitur.

127 1572 217 1650 Quod
248 1589 323 1634 vero
362 1578 392 1634 et
419 1577 576 1636 extensum
608 1579 638 1634 et
672 1573 786 1635 infinite
809 1572 965 1640 dividuum
999 1580 1064 1652 est,
1095 1573 1161 1654 plus
1190 1572 1230 1634 sit

127 1689 252 1764 oportet
275 1699 363 1762 quam
394 1699 478 1744 mera
497 1681 601 1744 mundi
628 1684 817 1764 superficies,
847 1684 909 1746 imo
933 1681 1054 1746 affectio
1084 1680 1230 1762 quaedam

127 1793 243 1872 ubique
267 1789 415 1854 materiae
437 1791 528 1854 insita
548 1789 606 1867 (ὥς
628 1789 728 1865 πάθος
755 1810 781 1853 ο.
805 1792 851 1868 3).

191 1901 225 1978 f)
248 1901 473 1980 Aliquantulum
497 1919 589 1982 porro
618 1901 690 1966 inde
711 1902 861 1982 proficio,
897 1900 977 1982 quod
1002 1918 1091 1980 quum
1114 1895 1148 1961 τὸ
1175 1921 1229 1960 κε-

125 2009 181 2072 νὸν
204 2010 364 2075 definiatur
392 2005 514 2083 τόπος
543 2012 752 2092 ἐστερημένος
784 2007 949 2096 σώματοςἸ
976 2011 1074 2092 ipsum
1097 2009 1227 2091 spatium

126 2121 168 2182 sit
190 2118 303 2198 aliquid
322 2137 376 2199 per
397 2137 517 2183 omnem
539 2119 644 2182 mundi
664 2118 891 2199 amplitudinem
923 2126 1081 2182 extensum
1101 2124 1131 2181 et
1154 2135 1227 2181 cor-

127 2225 255 2308 poribus
275 2226 431 2307 repletum.

188 2346 225 2417 g)
243 2338 349 2400 Restat
366 2335 501 2398 ultimum
532 2334 624 2416 idque
646 2335 860 2418 gravissimum
891 2340 1123 2417 argumentum,
1148 2336 1227 2414 quod

128 2448 257 2528 spatium
279 2449 358 2510 inter
378 2446 520 2508 continuo
542 2450 588 2525 t⁹)
608 2448 741 2509 refertur
762 2447 878 2511 in‘Cat.
904 2447 939 2525 d,
961 2446 1014 2508 ubi
1042 2446 1120 2509 haec
1140 2450 1228 2509 sunt:

129 2555 222 2617 πάλιν
245 2553 262 2615 ὁ
284 2553 405 2627 τόπος
432 2555 507 2617 τοῖν
534 2556 717 2634 συνεχῶν
749 2556 844 2616 ἐστι’.
894 2551 989 2617 τόπον
1016 2555 1077 2636 γάρ
1102 2577 1171 2617 τινα
1192 2553 1228 2616 ui

126 2663 346 2744 τοῦσώματος
373 2660 472 2744 μόρια
507 2664 649 2745 κατέχει,
671 2657 691 2724 d
713 2658 790 2743 πρός
814 2686 884 2725 τινα
911 2661 1017 2724 κοινὸν
1039 2655 1112 2743 ὅρον
1132 2659 1230 2726 συνά-

128 2795 213 2836 πτει·
259 2772 373 2835 cdxciv
397 2772 452 2835 καί
486 2770 529 2836 τὰ
553 2773 623 2834 τοῦ
655 2765 1135 2854 τόπουμόρια,ἃκατὲχει
1159 2767 1227 2834 ἕνα·

130 2902 200 2943 στον
223 2882 285 2940 τοῖν
308 2881 365 2940 τοῦ
388 2877 536 2958 σώματος
557 2882 693 2960 μορίων,
725 2878 809 2960 πρὸς,
833 2877 888 2942 τὸν
912 2877 1008 2942 ου’τόν
1039 2875 1114 2960 ὅσον
1135 2877 1231 2942 cnud.

130 3007 216 3063 πτει,
236 2981 315 3064 πρὸς
337 2981 372 3046 ὃν
396 2985 451 3046 aci
471 2982 510 3046 τοὶ
531 2989 589 3048 τοῦ
611 2987 754 3064 σώματος
777 2983 885 3066 μόρια.
929 2981 1023 3048 ὥστε
1053 2987 1230 3068 concode

131 3085 177 3156 ἂν
211 3088 273 3174 εἴη
303 3093 368 3155 κατ’
401 3087 416 3153 ὅ
451 3090 589 3177 τόπος·
633 3093 730 3174 πρὸς
761 3089 935 3172 adoino
976 3091 1109 3156 κοινὸν
1137 3072 1268 3174 ὅσον·

130 3192 261 3281 ον’-,τοῦ
285 3198 331 3262 τοὶ
354 3197 480 3283 μόρια
503 3198 713 3264 συνάπτει.
755 3202 832 3266 Hinc
850 3202 929 3265 enim
948 3210 1082 3284 apparet,
1101 3203 1230 3285 spatium

133 3309 211 3372 adeo
228 3311 331 3372 inesse
352 3310 491 3373 omnibus
514 3311 617 3390 rebus,
640 3319 730 3374 utne
751 3320 852 3393 partes
872 3313 995 3393 quidem
1016 3314 1229 3376 continuorum

130 3433 293 3497 corporum
318 3434 355 3479 eo
390 3425 516 3482 careant
544 3427 573 3481 et
605 3421 683 3484 inter
705 3422 833 3501 partium
853 3421 923 3483 loca
954 3421 1115 3500 locumque
1137 3423 1228 3483 totius

130 3525 238 3588 eadem
260 3544 358 3606 paene
379 3529 458 3589 ratio
481 3527 675 3606 intercedat,
699 3547 776 3608 quac
799 3530 880 3590 inter
902 3529 1092 3610 singulorum
1116 3548 1245 3611 corpo-1

129 3631 196 3696 rum
216 3641 246 3697 et
265 3635 401 3698 universi
422 3636 526 3698 mundi
545 3636 656 3698 locum.
701 3637 784 3699 idem
803 3643 885 3717 patet
906 3655 923 3698 c
943 3636 1030 3719 Phys.
1055 3639 1104 3718 tv,
1126 3657 1152 3702 ο.
1177 3641 1224 3719 11,

128 3737 180 3805 ubi
201 3745 264 3805 πᾶν
287 3745 421 3825 μέγεθος
443 3748 574 3826 συνεχὲς
597 3745 724 3822 dicitur3
761 3746 889 3826 spatium
912 3765 987 3810 vero
1014 3750 1149 3829 μέγεθος
1170 3756 1226 3826 est,

131 3871 206 3936 ergo
241 3851 333 3925 τόσος
360 3851 514 3938 συνεχής,
544 3861 574 3917 et
605 3853 639 3917 τὸ
669 3851 823 3935 πρότερον
853 3853 905 3916 κατ’
934 3848 1068 3939 ὕστερον
1092 3858 1124 3919 ἐν
1145 3857 1227 3942 τόπῳ

130 4024 379 4040 'u———q

199 4109 245 4180 49,
265 4110 306 4164 Gi.
326 4110 440 4178 Simpiio.
461 4111 478 4164 i.
498 4111 565 4175 203,
585 4110 615 4162 b:
635 4117 688 4171 τίς
709 4111 723 4166 ὁ
741 4105 921 4174 εἶςτότιος
939 4119 986 4167 καὶ
1009 4112 1226 4182 zicinentium,

130 4205 291 4276 διακριτέον
308 4200 347 4262 εἴ
352 4228 365 4268 ς
392 4209 445 4280 μὲν
474 4201 524 4262 οὖν
541 4209 636 4271 ἐστίν,
657 4206 695 4268 ὥς
713 4223 804 4281 φησιν
824 4207 1019 4280 Ἀλέξανδρος,
1040 4208 1053 4262 d
1071 4203 1110 4279 μὴ
1130 4207 1227 4283 διῃρη-

130 4309 218 4375 μένος
237 4296 326 4357 ἀλλὰ
347 4303 500 4386 συνεχής
519 4303 638 4374 (arando
659 4303 746 4360 Schol.
766 4320 792 4371 p.
809 4304 871 4368 226,
890 4302 916 4368 b,
934 4304 990 4372 21).
