<?xml version="1.0" encoding="UTF-8"?>
<!DOCTYPE html PUBLIC "-//W3C//DTD XHTML 1.0 Transitional//EN"
    "http://www.w3.org/TR/xhtml1/DTD/xhtml1-transitional.dtd">
<html xmlns="http://www.w3.org/1999/xhtml" xml:lang="en" lang="en">
 <head>
  <title>
</title>
<meta http-equiv="Content-Type" content="text/html;charset=utf-8" />
  <meta name='ocr-system' content='tesseract 3.04.00' />
  <meta name='ocr-capabilities' content='ocr_page ocr_carea ocr_par ocr_line ocrx_word'/>
</head>
<body>
  <div class='ocr_page' id='page_1' title='image "./despatioettempo00woltgoog_0015.png"; bbox 0 0 2910 4698; ppageno 0'>
   <div class='ocr_carea' id='block_1_1' title="bbox 678 293 887 354">
    <p class='ocr_par' dir='ltr' id='par_1_1' title="bbox 678 293 887 354">
     <span class='ocr_line' id='line_1_1' title="bbox 678 293 887 354; baseline 0 -16"><span class='ocrx_word' id='word_1_1' title='bbox 678 293 887 354; x_wconf 68' lang='grc'>..4.-</span> 
     </span>
    </p>
   </div>
   <div class='ocr_carea' id='block_1_2' title="bbox 223 472 1329 2852">
    <p class='ocr_par' dir='ltr' id='par_1_2' title="bbox 223 472 1329 2852">
     <span class='ocr_line' id='line_1_2' title="bbox 339 472 1325 554; baseline 0 -20"><span class='ocrx_word' id='word_1_2' title='bbox 339 472 453 548; x_wconf 82' lang='lat' dir='ltr'>Quibus</span> <span class='ocrx_word' id='word_1_3' title='bbox 478 473 654 554; x_wconf 66' lang='lat' dir='ltr'>disceptatis</span> <span class='ocrx_word' id='word_1_4' title='bbox 680 479 859 554; x_wconf 81' lang='lat' dir='ltr'>antequam,</span> <span class='ocrx_word' id='word_1_5' title='bbox 884 472 955 553; x_wconf 89' lang='lat' dir='ltr'>quid</span> <span class='ocrx_word' id='word_1_6' title='bbox 979 472 1065 536; x_wconf 89' lang='lat' dir='ltr'>locus</span> <span class='ocrx_word' id='word_1_7' title='bbox 1088 472 1145 550; x_wconf 94' lang='lat' dir='ltr'>sit,</span> <span class='ocrx_word' id='word_1_8' title='bbox 1168 472 1325 552; x_wconf 89' lang='lat' dir='ltr'>doceatur,</span> 
     </span>
     <span class='ocr_line' id='line_1_3' title="bbox 235 582 1328 663; baseline -0.001 -20"><span class='ocrx_word' id='word_1_9' title='bbox 235 588 306 644; x_wconf 93' lang='lat' dir='ltr'>octo</span> <span class='ocrx_word' id='word_1_10' title='bbox 323 583 351 659; x_wconf 77' lang='grc' dir='ltr'>ὑ)</span> <span class='ocrx_word' id='word_1_11' title='bbox 373 589 588 648; x_wconf 81' lang='lat' dir='ltr'>enumerantur</span> <span class='ocrx_word' id='word_1_12' title='bbox 607 582 707 661; x_wconf 91' lang='lat' dir='ltr'>modi,</span> <span class='ocrx_word' id='word_1_13' title='bbox 737 583 845 663; x_wconf 89' lang='lat' dir='ltr'>quibus</span> <span class='ocrx_word' id='word_1_14' title='bbox 879 583 908 643; x_wconf 92' lang='lat' dir='ltr'>in</span> <span class='ocrx_word' id='word_1_15' title='bbox 939 582 999 644; x_wconf 88' lang='lat' dir='ltr'>alio</span> <span class='ocrx_word' id='word_1_16' title='bbox 1022 583 1093 662; x_wconf 89' lang='lat' dir='ltr'>quid</span> <span class='ocrx_word' id='word_1_17' title='bbox 1117 599 1187 646; x_wconf 90' lang='lat' dir='ltr'>esse</span> <span class='ocrx_word' id='word_1_18' title='bbox 1209 587 1328 663; x_wconf 91' lang='lat' dir='ltr'>potest:</span> 
     </span>
     <span class='ocr_line' id='line_1_4' title="bbox 234 692 1329 772; baseline 0 -18"><span class='ocrx_word' id='word_1_19' title='bbox 234 693 376 754; x_wconf 92' lang='lat' dir='ltr'>nimirum</span> <span class='ocrx_word' id='word_1_20' title='bbox 398 692 477 755; x_wconf 90' lang='lat' dir='ltr'>sicut</span> <span class='ocrx_word' id='word_1_21' title='bbox 499 710 570 772; x_wconf 87' lang='lat' dir='ltr'>pars</span> <span class='ocrx_word' id='word_1_22' title='bbox 592 693 623 754; x_wconf 94' lang='lat' dir='ltr'>in</span> <span class='ocrx_word' id='word_1_23' title='bbox 647 698 727 771; x_wconf 93' lang='lat' dir='ltr'>loto,</span> <span class='ocrx_word' id='word_1_24' title='bbox 750 698 783 754; x_wconf 91' lang='lat' dir='ltr'>ut</span> <span class='ocrx_word' id='word_1_25' title='bbox 805 698 898 756; x_wconf 89' lang='lat' dir='ltr'>toturn</span> <span class='ocrx_word' id='word_1_26' title='bbox 922 693 1129 772; x_wconf 89' lang='lat' dir='ltr'>inpartibus,</span> <span class='ocrx_word' id='word_1_27' title='bbox 1152 699 1185 755; x_wconf 92' lang='lat' dir='ltr'>ut</span> <span class='ocrx_word' id='word_1_28' title='bbox 1206 692 1329 772; x_wconf 87' lang='lat' dir='ltr'>species</span> 
     </span>
     <span class='ocr_line' id='line_1_5' title="bbox 234 784 1327 884; baseline -0.003 -20"><span class='ocrx_word' id='word_1_29' title='bbox 234 784 404 884; x_wconf 67' lang='lat' dir='ltr'>ingemere</span> <span class='ocrx_word' id='word_1_30' title='bbox 426 801 477 864; x_wconf 84' lang='lat' dir='ltr'>vel</span> <span class='ocrx_word' id='word_1_31' title='bbox 494 801 554 863; x_wconf 93' lang='lat' dir='ltr'>boc</span> <span class='ocrx_word' id='word_1_32' title='bbox 577 801 608 863; x_wconf 95' lang='lat' dir='ltr'>in</span> <span class='ocrx_word' id='word_1_33' title='bbox 631 801 699 879; x_wconf 91' lang='lat' dir='ltr'>illa,</span> <span class='ocrx_word' id='word_1_34' title='bbox 729 807 761 862; x_wconf 91' lang='lat' dir='ltr'>ut</span> <span class='ocrx_word' id='word_1_35' title='bbox 784 802 880 865; x_wconf 89' lang='lat' dir='ltr'>sonna</span> <span class='ocrx_word' id='word_1_36' title='bbox 902 801 932 863; x_wconf 94' lang='lat' dir='ltr'>in</span> <span class='ocrx_word' id='word_1_37' title='bbox 955 801 1082 864; x_wconf 89' lang='lat' dir='ltr'>materia</span> <span class='ocrx_word' id='word_1_38' title='bbox 1105 807 1135 865; x_wconf 90' lang='lat' dir='ltr'>et</span> <span class='ocrx_word' id='word_1_39' title='bbox 1164 799 1327 864; x_wconf 80' lang='lat' dir='ltr'>allicienda</span> 
     </span>
     <span class='ocr_line' id='line_1_6' title="bbox 232 911 1328 992; baseline -0.004 -18"><span class='ocrx_word' id='word_1_40' title='bbox 232 931 282 975; x_wconf 86' lang='lat' dir='ltr'>res</span> <span class='ocrx_word' id='word_1_41' title='bbox 302 913 333 973; x_wconf 94' lang='lat' dir='ltr'>in</span> <span class='ocrx_word' id='word_1_42' title='bbox 354 929 447 975; x_wconf 90' lang='lat' dir='ltr'>causa</span> <span class='ocrx_word' id='word_1_43' title='bbox 471 916 633 990; x_wconf 91' lang='lat' dir='ltr'>movente,</span> <span class='ocrx_word' id='word_1_44' title='bbox 659 917 694 972; x_wconf 87' lang='grc' dir='ltr'>ιιι</span> <span class='ocrx_word' id='word_1_45' title='bbox 714 913 744 974; x_wconf 92' lang='lat' dir='ltr'>in</span> <span class='ocrx_word' id='word_1_46' title='bbox 766 911 825 988; x_wconf 83' lang='lat' dir='ltr'>line</span> <span class='ocrx_word' id='word_1_47' title='bbox 855 918 885 975; x_wconf 91' lang='lat' dir='ltr'>et</span> <span class='ocrx_word' id='word_1_48' title='bbox 912 913 1102 992; x_wconf 90' lang='lat' dir='ltr'>potissimum</span> <span class='ocrx_word' id='word_1_49' title='bbox 1133 911 1264 991; x_wconf 88' lang='lat' dir='ltr'>denique</span> <span class='ocrx_word' id='word_1_50' title='bbox 1294 915 1328 971; x_wconf 90' lang='lat' dir='ltr'>ut</span> 
     </span>
     <span class='ocr_line' id='line_1_7' title="bbox 231 1020 1325 1102; baseline 0 -20"><span class='ocrx_word' id='word_1_51' title='bbox 231 1022 263 1082; x_wconf 82' lang='lat' dir='ltr'>in</span> <span class='ocrx_word' id='word_1_52' title='bbox 284 1039 360 1083; x_wconf 84' lang='lat' dir='ltr'>case</span> <span class='ocrx_word' id='word_1_53' title='bbox 384 1021 434 1082; x_wconf 85' lang='lat' dir='ltr'>cet</span> <span class='ocrx_word' id='word_1_54' title='bbox 448 1021 551 1100; x_wconf 83' lang='lat' dir='ltr'>potios</span> <span class='ocrx_word' id='word_1_55' title='bbox 570 1021 602 1081; x_wconf 84' lang='lat' dir='ltr'>in</span> <span class='ocrx_word' id='word_1_56' title='bbox 623 1020 698 1082; x_wconf 91' lang='lat' dir='ltr'>loco.</span> <span class='ocrx_word' id='word_1_57' title='bbox 741 1021 849 1084; x_wconf 84' lang='lat' dir='ltr'>Nonne</span> <span class='ocrx_word' id='word_1_58' title='bbox 872 1027 971 1084; x_wconf 90' lang='lat' dir='ltr'>autem</span> <span class='ocrx_word' id='word_1_59' title='bbox 993 1021 1025 1083; x_wconf 92' lang='lat' dir='ltr'>in</span> <span class='ocrx_word' id='word_1_60' title='bbox 1048 1027 1145 1084; x_wconf 88' lang='lat' dir='ltr'>semet</span> <span class='ocrx_word' id='word_1_61' title='bbox 1164 1021 1230 1102; x_wconf 91' lang='lat' dir='ltr'>ipso</span> <span class='ocrx_word' id='word_1_62' title='bbox 1254 1039 1325 1083; x_wconf 91' lang='lat' dir='ltr'>esse</span> 
     </span>
     <span class='ocr_line' id='line_1_8' title="bbox 230 1127 1325 1212; baseline -0.003 -19"><span class='ocrx_word' id='word_1_63' title='bbox 230 1132 343 1212; x_wconf 90' lang='lat' dir='ltr'>aliquid</span> <span class='ocrx_word' id='word_1_64' title='bbox 368 1132 494 1212; x_wconf 78' lang='lat' dir='ltr'>potest?</span> <span class='ocrx_word' id='word_1_65' title='bbox 538 1130 626 1205; x_wconf 82' lang='lat' dir='ltr'>onon</span> <span class='ocrx_word' id='word_1_66' title='bbox 649 1132 677 1193; x_wconf 93' lang='lat' dir='ltr'>si</span> <span class='ocrx_word' id='word_1_67' title='bbox 700 1131 892 1210; x_wconf 82' lang='lat' dir='ltr'>conceditur,</span> <span class='ocrx_word' id='word_1_68' title='bbox 918 1137 968 1194; x_wconf 91' lang='lat' dir='ltr'>aut</span> <span class='ocrx_word' id='word_1_69' title='bbox 987 1131 1061 1194; x_wconf 77' lang='grc' dir='ltr'><strong><em>καθ’</em></strong></span> <span class='ocrx_word' id='word_1_70' title='bbox 1081 1127 1156 1193; x_wconf 77' lang='grc' dir='ltr'>αὐτὰ</span> <span class='ocrx_word' id='word_1_71' title='bbox 1182 1137 1232 1193; x_wconf 89' lang='lat' dir='ltr'>aut</span> <span class='ocrx_word' id='word_1_72' title='bbox 1251 1132 1325 1192; x_wconf 74' lang='grc' dir='ltr'><strong><em>καθ’</em></strong></span> 
     </span>
     <span class='ocr_line' id='line_1_9' title="bbox 229 1233 1324 1322; baseline -0.001 -20"><span class='ocrx_word' id='word_1_73' title='bbox 229 1238 336 1320; x_wconf 74' lang='grc' dir='ltr'><em>ἕτερον</em></span> <span class='ocrx_word' id='word_1_74' title='bbox 355 1239 406 1302; x_wconf 84' lang='lat' dir='ltr'>liat</span> <span class='ocrx_word' id='word_1_75' title='bbox 426 1258 555 1303; x_wconf 89' lang='lat' dir='ltr'>necesse</span> <span class='ocrx_word' id='word_1_76' title='bbox 577 1246 633 1302; x_wconf 91' lang='lat' dir='ltr'>est.</span> <span class='ocrx_word' id='word_1_77' title='bbox 686 1240 745 1303; x_wconf 86' lang='lat' dir='ltr'>Sed</span> <span class='ocrx_word' id='word_1_78' title='bbox 768 1258 823 1320; x_wconf 89' lang='lat' dir='ltr'>per</span> <span class='ocrx_word' id='word_1_79' title='bbox 845 1258 880 1303; x_wconf 90' lang='lat' dir='ltr'>se</span> <span class='ocrx_word' id='word_1_80' title='bbox 901 1259 925 1304; x_wconf 93' lang='lat' dir='ltr'>s.</span> <span class='ocrx_word' id='word_1_81' title='bbox 956 1233 1092 1322; x_wconf 71' lang='grc' dir='ltr'>πρώιωζ</span> <span class='ocrx_word' id='word_1_82' title='bbox 1112 1241 1144 1302; x_wconf 91' lang='lat' dir='ltr'>in</span> <span class='ocrx_word' id='word_1_83' title='bbox 1171 1240 1231 1302; x_wconf 89' lang='lat' dir='ltr'>alio</span> <span class='ocrx_word' id='word_1_84' title='bbox 1254 1255 1324 1302; x_wconf 89' lang='lat' dir='ltr'>esse</span> 
     </span>
     <span class='ocr_line' id='line_1_10' title="bbox 231 1331 1322 1436; baseline -0.002 -26"><span class='ocrx_word' id='word_1_85' title='bbox 231 1349 345 1430; x_wconf 88' lang='lat' dir='ltr'>aliquid</span> <span class='ocrx_word' id='word_1_86' title='bbox 365 1367 428 1411; x_wconf 93' lang='lat' dir='ltr'>non</span> <span class='ocrx_word' id='word_1_87' title='bbox 452 1355 568 1429; x_wconf 92' lang='lat' dir='ltr'>potest,</span> <span class='ocrx_word' id='word_1_88' title='bbox 589 1331 816 1429; x_wconf 88' lang='lat' dir='ltr'>potestautem</span> <span class='ocrx_word' id='word_1_89' title='bbox 838 1351 896 1430; x_wconf 89' lang='lat' dir='ltr'>ita,</span> <span class='ocrx_word' id='word_1_90' title='bbox 924 1356 974 1430; x_wconf 85' lang='lat' dir='ltr'>ut,</span> <span class='ocrx_word' id='word_1_91' title='bbox 1000 1351 1051 1411; x_wconf 91' lang='lat' dir='ltr'>ubi</span> <span class='ocrx_word' id='word_1_92' title='bbox 1073 1347 1107 1412; x_wconf 84' lang='grc' dir='ltr'>ιό</span> <span class='ocrx_word' id='word_1_93' title='bbox 1133 1351 1165 1412; x_wconf 84' lang='grc' dir='ltr'>ἐν</span> <span class='ocrx_word' id='word_1_94' title='bbox 1188 1338 1213 1436; x_wconf 74' lang='grc' dir='ltr'><em>ᾧ</em></span> <span class='ocrx_word' id='word_1_95' title='bbox 1236 1355 1266 1412; x_wconf 93' lang='lat' dir='ltr'>et</span> <span class='ocrx_word' id='word_1_96' title='bbox 1287 1345 1322 1410; x_wconf 79' lang='grc' dir='ltr'>τὸ</span> 
     </span>
     <span class='ocr_line' id='line_1_11' title="bbox 230 1454 1323 1546; baseline 0 -26"><span class='ocrx_word' id='word_1_97' title='bbox 230 1454 384 1546; x_wconf 80' lang='grc' dir='ltr'><em>ἐντούτῳ</em></span> <span class='ocrx_word' id='word_1_98' title='bbox 408 1459 544 1521; x_wconf 89' lang='lat' dir='ltr'>eiusdem</span> <span class='ocrx_word' id='word_1_99' title='bbox 567 1459 659 1520; x_wconf 86' lang='lat' dir='ltr'>lotias</span> <span class='ocrx_word' id='word_1_100' title='bbox 681 1464 783 1539; x_wconf 91' lang='lat' dir='ltr'>partes</span> <span class='ocrx_word' id='word_1_101' title='bbox 806 1466 893 1538; x_wconf 91' lang='lat' dir='ltr'>sunt,</span> <span class='ocrx_word' id='word_1_102' title='bbox 917 1465 1011 1521; x_wconf 93' lang='lat' dir='ltr'>tolum</span> <span class='ocrx_word' id='word_1_103' title='bbox 1038 1477 1107 1521; x_wconf 90' lang='lat' dir='ltr'>esse</span> <span class='ocrx_word' id='word_1_104' title='bbox 1137 1459 1168 1520; x_wconf 93' lang='lat' dir='ltr'>in</span> <span class='ocrx_word' id='word_1_105' title='bbox 1199 1476 1233 1522; x_wconf 92' lang='lat' dir='ltr'>se</span> <span class='ocrx_word' id='word_1_106' title='bbox 1256 1458 1323 1539; x_wconf 91' lang='lat' dir='ltr'>ipso</span> 
     </span>
     <span class='ocr_line' id='line_1_12' title="bbox 228 1569 1324 1650; baseline -0.001 -22"><span class='ocrx_word' id='word_1_107' title='bbox 228 1574 370 1647; x_wconf 88' lang='lat' dir='ltr'>ponatur.</span> <span class='ocrx_word' id='word_1_108' title='bbox 405 1569 595 1649; x_wconf 83' lang='lat' dir='ltr'>Quapropter</span> <span class='ocrx_word' id='word_1_109' title='bbox 616 1569 818 1650; x_wconf 87' lang='lat' dir='ltr'>quodcunque</span> <span class='ocrx_word' id='word_1_110' title='bbox 841 1570 871 1630; x_wconf 93' lang='lat' dir='ltr'>in</span> <span class='ocrx_word' id='word_1_111' title='bbox 895 1587 930 1632; x_wconf 91' lang='lat' dir='ltr'>se</span> <span class='ocrx_word' id='word_1_112' title='bbox 951 1569 1018 1650; x_wconf 93' lang='lat' dir='ltr'>ipso</span> <span class='ocrx_word' id='word_1_113' title='bbox 1042 1575 1098 1646; x_wconf 91' lang='lat' dir='ltr'>est,</span> <span class='ocrx_word' id='word_1_114' title='bbox 1120 1569 1180 1632; x_wconf 90' lang='lat' dir='ltr'>tale</span> <span class='ocrx_word' id='word_1_115' title='bbox 1195 1573 1324 1630; x_wconf 88' lang='lat' dir='ltr'>nonest</span> 
     </span>
     <span class='ocr_line' id='line_1_13' title="bbox 227 1662 1323 1758; baseline 0.001 -21"><span class='ocrx_word' id='word_1_116' title='bbox 227 1676 286 1738; x_wconf 90' lang='lat' dir='ltr'>nisi</span> <span class='ocrx_word' id='word_1_117' title='bbox 309 1662 476 1739; x_wconf 87' lang='lat' dir='ltr'>secundum</span> <span class='ocrx_word' id='word_1_118' title='bbox 488 1684 605 1757; x_wconf 87' lang='lat' dir='ltr'>partem</span> <span class='ocrx_word' id='word_1_119' title='bbox 621 1684 650 1739; x_wconf 88' lang='lat' dir='ltr'>et</span> <span class='ocrx_word' id='word_1_120' title='bbox 661 1681 717 1757; x_wconf 89' lang='lat' dir='ltr'>per</span> <span class='ocrx_word' id='word_1_121' title='bbox 730 1677 821 1740; x_wconf 94' lang='lat' dir='ltr'>aliud.</span> <span class='ocrx_word' id='word_1_122' title='bbox 846 1679 928 1740; x_wconf 92' lang='lat' dir='ltr'>ldem</span> <span class='ocrx_word' id='word_1_123' title='bbox 942 1677 1061 1758; x_wconf 89' lang='lat' dir='ltr'>planius</span> <span class='ocrx_word' id='word_1_124' title='bbox 1078 1677 1111 1739; x_wconf 84' lang='lat' dir='ltr'>fit</span> <span class='ocrx_word' id='word_1_125' title='bbox 1125 1695 1214 1758; x_wconf 87' lang='lat' dir='ltr'>quum</span> <span class='ocrx_word' id='word_1_126' title='bbox 1229 1676 1323 1739; x_wconf 89' lang='lat' dir='ltr'>indu-</span> 
     </span>
     <span class='ocr_line' id='line_1_14' title="bbox 230 1785 1321 1866; baseline 0.002 -20"><span class='ocrx_word' id='word_1_127' title='bbox 230 1786 331 1847; x_wconf 86' lang='lat' dir='ltr'>ctione</span> <span class='ocrx_word' id='word_1_128' title='bbox 347 1792 408 1847; x_wconf 90' lang='lat' dir='ltr'>tum</span> <span class='ocrx_word' id='word_1_129' title='bbox 421 1787 541 1849; x_wconf 89' lang='lat' dir='ltr'>ratione</span> <span class='ocrx_word' id='word_1_130' title='bbox 555 1786 720 1864; x_wconf 78' lang='lat' dir='ltr'>subducta3</span> <span class='ocrx_word' id='word_1_131' title='bbox 740 1805 808 1848; x_wconf 92' lang='lat' dir='ltr'>nam</span> <span class='ocrx_word' id='word_1_132' title='bbox 829 1788 957 1866; x_wconf 92' lang='lat' dir='ltr'>primum</span> <span class='ocrx_word' id='word_1_133' title='bbox 968 1787 1042 1848; x_wconf 92' lang='lat' dir='ltr'>nibil</span> <span class='ocrx_word' id='word_1_134' title='bbox 1061 1805 1132 1849; x_wconf 90' lang='lat' dir='ltr'>csse</span> <span class='ocrx_word' id='word_1_135' title='bbox 1145 1785 1275 1866; x_wconf 71' lang='grc' dir='ltr'><em>πρώτως</em></span> <span class='ocrx_word' id='word_1_136' title='bbox 1291 1788 1321 1848; x_wconf 95' lang='lat' dir='ltr'>in</span> 
     </span>
     <span class='ocr_line' id='line_1_15' title="bbox 226 1895 1320 1978; baseline 0.002 -22"><span class='ocrx_word' id='word_1_137' title='bbox 226 1913 261 1956; x_wconf 91' lang='lat' dir='ltr'>se</span> <span class='ocrx_word' id='word_1_138' title='bbox 277 1895 344 1975; x_wconf 91' lang='lat' dir='ltr'>ipso</span> <span class='ocrx_word' id='word_1_139' title='bbox 368 1914 385 1956; x_wconf 92' lang='lat' dir='ltr'>e</span> <span class='ocrx_word' id='word_1_140' title='bbox 408 1895 544 1976; x_wconf 85' lang='lat' dir='ltr'>quolibet</span> <span class='ocrx_word' id='word_1_141' title='bbox 565 1896 725 1958; x_wconf 90' lang='lat' dir='ltr'>modorum</span> <span class='ocrx_word' id='word_1_142' title='bbox 738 1915 829 1977; x_wconf 89' lang='lat' dir='ltr'>supra</span> <span class='ocrx_word' id='word_1_143' title='bbox 845 1903 1151 1959; x_wconf 88' lang='lat' dir='ltr'>commemoratorum</span> <span class='ocrx_word' id='word_1_144' title='bbox 1168 1897 1320 1978; x_wconf 90' lang='lat' dir='ltr'>perspici-</span> 
     </span>
     <span class='ocr_line' id='line_1_16' title="bbox 225 2004 1317 2086; baseline 0.002 -21"><span class='ocrx_word' id='word_1_145' title='bbox 225 2021 291 2066; x_wconf 85' lang='lat' dir='ltr'>mus</span> <span class='ocrx_word' id='word_1_146' title='bbox 300 2025 309 2081; x_wconf 91' lang='lat'>;</span> <span class='ocrx_word' id='word_1_147' title='bbox 334 2004 446 2068; x_wconf 89' lang='lat' dir='ltr'>deinde</span> <span class='ocrx_word' id='word_1_148' title='bbox 462 2005 488 2066; x_wconf 91' lang='lat' dir='ltr'>si</span> <span class='ocrx_word' id='word_1_149' title='bbox 511 2005 583 2086; x_wconf 86' lang='lat' dir='ltr'>quid</span> <span class='ocrx_word' id='word_1_150' title='bbox 599 2006 694 2068; x_wconf 87' lang='lat' dir='ltr'>nihilo</span> <span class='ocrx_word' id='word_1_151' title='bbox 711 2006 813 2068; x_wconf 90' lang='lat' dir='ltr'>secius</span> <span class='ocrx_word' id='word_1_152' title='bbox 825 2024 881 2086; x_wconf 91' lang='lat' dir='ltr'>pcr</span> <span class='ocrx_word' id='word_1_153' title='bbox 894 2025 928 2068; x_wconf 94' lang='lat' dir='ltr'>se</span> <span class='ocrx_word' id='word_1_154' title='bbox 945 2024 1015 2069; x_wconf 88' lang='lat' dir='ltr'>esse</span> <span class='ocrx_word' id='word_1_155' title='bbox 1029 2006 1059 2067; x_wconf 91' lang='lat' dir='ltr'>in</span> <span class='ocrx_word' id='word_1_156' title='bbox 1073 2025 1106 2068; x_wconf 92' lang='lat' dir='ltr'>se</span> <span class='ocrx_word' id='word_1_157' title='bbox 1124 2006 1190 2086; x_wconf 90' lang='lat' dir='ltr'>ipso</span> <span class='ocrx_word' id='word_1_158' title='bbox 1203 2013 1317 2086; x_wconf 92' lang='lat' dir='ltr'>posset,</span> 
     </span>
     <span class='ocr_line' id='line_1_17' title="bbox 227 2114 1320 2196; baseline -0.002 -19"><span class='ocrx_word' id='word_1_159' title='bbox 227 2114 315 2177; x_wconf 89' lang='lat' dir='ltr'>ambo</span> <span class='ocrx_word' id='word_1_160' title='bbox 336 2121 497 2194; x_wconf 91' lang='lat' dir='ltr'>utrumque</span> <span class='ocrx_word' id='word_1_161' title='bbox 521 2121 550 2178; x_wconf 91' lang='lat' dir='ltr'>ct</span> <span class='ocrx_word' id='word_1_162' title='bbox 572 2116 652 2196; x_wconf 85' lang='lat' dir='ltr'>quod</span> <span class='ocrx_word' id='word_1_163' title='bbox 677 2117 850 2178; x_wconf 87' lang='lat' dir='ltr'>continetur</span> <span class='ocrx_word' id='word_1_164' title='bbox 869 2121 898 2178; x_wconf 91' lang='lat' dir='ltr'>et</span> <span class='ocrx_word' id='word_1_165' title='bbox 925 2115 1005 2195; x_wconf 86' lang='lat' dir='ltr'>quod</span> <span class='ocrx_word' id='word_1_166' title='bbox 1029 2115 1163 2177; x_wconf 89' lang='lat' dir='ltr'>continet</span> <span class='ocrx_word' id='word_1_167' title='bbox 1184 2115 1320 2178; x_wconf 88' lang='lat' dir='ltr'>vicissim</span> 
     </span>
     <span class='ocr_line' id='line_1_18' title="bbox 226 2224 1318 2307; baseline -0.002 -20"><span class='ocrx_word' id='word_1_168' title='bbox 226 2226 316 2303; x_wconf 84' lang='lat' dir='ltr'>soret,</span> <span class='ocrx_word' id='word_1_169' title='bbox 340 2225 372 2286; x_wconf 94' lang='lat' dir='ltr'>id</span> <span class='ocrx_word' id='word_1_170' title='bbox 398 2225 477 2305; x_wconf 86' lang='lat' dir='ltr'>quod</span> <span class='ocrx_word' id='word_1_171' title='bbox 502 2225 568 2286; x_wconf 82' lang='lat' dir='ltr'>sieri</span> <span class='ocrx_word' id='word_1_172' title='bbox 590 2227 696 2306; x_wconf 89' lang='lat' dir='ltr'>nequit</span> <span class='ocrx_word' id='word_1_173' title='bbox 716 2233 842 2307; x_wconf 88' lang='lat' dir='ltr'>propter</span> <span class='ocrx_word' id='word_1_174' title='bbox 862 2227 1023 2306; x_wconf 84' lang='lat' dir='ltr'>integram,</span> <span class='ocrx_word' id='word_1_175' title='bbox 1046 2242 1123 2305; x_wconf 88' lang='lat' dir='ltr'>quae</span> <span class='ocrx_word' id='word_1_176' title='bbox 1146 2224 1318 2302; x_wconf 85' lang='lat' dir='ltr'>intercedit,</span> 
     </span>
     <span class='ocr_line' id='line_1_19' title="bbox 225 2313 1318 2412; baseline -0.002 -16"><span class='ocrx_word' id='word_1_177' title='bbox 225 2333 271 2396; x_wconf 91' lang='lat' dir='ltr'>rei</span> <span class='ocrx_word' id='word_1_178' title='bbox 291 2340 321 2396; x_wconf 91' lang='lat' dir='ltr'>et</span> <span class='ocrx_word' id='word_1_179' title='bbox 350 2333 534 2397; x_wconf 81' lang='lat' dir='ltr'>delinitionis</span> <span class='ocrx_word' id='word_1_180' title='bbox 562 2335 780 2398; x_wconf 86' lang='lat' dir='ltr'>diversitatem.</span> <span class='ocrx_word' id='word_1_181' title='bbox 833 2313 946 2396; x_wconf 84' lang='lat' dir='ltr'>Verum</span> <span class='ocrx_word' id='word_1_182' title='bbox 976 2352 1037 2395; x_wconf 93' lang='lat' dir='ltr'>non</span> <span class='ocrx_word' id='word_1_183' title='bbox 1068 2334 1159 2396; x_wconf 91' lang='lat' dir='ltr'>modo</span> <span class='ocrx_word' id='word_1_184' title='bbox 1189 2331 1318 2412; x_wconf 78' lang='grc' dir='ltr'><em>πρώτως</em></span> 
     </span>
     <span class='ocr_line' id='line_1_20' title="bbox 224 2434 1319 2524; baseline -0.002 -22"><span class='ocrx_word' id='word_1_185' title='bbox 224 2441 304 2504; x_wconf 82' lang='grc' dir='ltr'><em>κατὰ</em></span> <span class='ocrx_word' id='word_1_186' title='bbox 327 2439 360 2504; x_wconf 79' lang='lat' dir='ltr'>ui</span> <span class='ocrx_word' id='word_1_187' title='bbox 384 2434 462 2504; x_wconf 77' lang='grc' dir='ltr'>εἶναι</span> <span class='ocrx_word' id='word_1_188' title='bbox 477 2444 561 2505; x_wconf 73' lang='lat' dir='ltr'>&#39;nihil</span> <span class='ocrx_word' id='word_1_189' title='bbox 582 2445 612 2505; x_wconf 84' lang='lat' dir='ltr'>in</span> <span class='ocrx_word' id='word_1_190' title='bbox 633 2463 667 2506; x_wconf 84' lang='lat' dir='ltr'>se</span> <span class='ocrx_word' id='word_1_191' title='bbox 689 2445 756 2524; x_wconf 89' lang='lat' dir='ltr'>ipso</span> <span class='ocrx_word' id='word_1_192' title='bbox 775 2445 856 2522; x_wconf 72' lang='lat' dir='ltr'>esse,</span> <span class='ocrx_word' id='word_1_193' title='bbox 880 2444 936 2506; x_wconf 88' lang='lat' dir='ltr'>sed</span> <span class='ocrx_word' id='word_1_194' title='bbox 957 2462 996 2506; x_wconf 86' lang='lat' dir='ltr'>ne</span> <span class='ocrx_word' id='word_1_195' title='bbox 1019 2439 1095 2506; x_wconf 72' lang='grc' dir='ltr'>κατά</span> <span class='ocrx_word' id='word_1_196' title='bbox 1120 2438 1319 2524; x_wconf 73' lang='grc' dir='ltr'><strong><em>συμβεβηκός</em></strong></span> 
     </span>
     <span class='ocr_line' id='line_1_21' title="bbox 224 2551 1319 2633; baseline -0.002 -19"><span class='ocrx_word' id='word_1_197' title='bbox 224 2551 345 2631; x_wconf 86' lang='lat' dir='ltr'>quidem</span> <span class='ocrx_word' id='word_1_198' title='bbox 367 2558 479 2632; x_wconf 90' lang='lat' dir='ltr'>potest,</span> <span class='ocrx_word' id='word_1_199' title='bbox 503 2554 656 2633; x_wconf 89' lang='lat' dir='ltr'>quoniam,</span> <span class='ocrx_word' id='word_1_200' title='bbox 678 2553 738 2615; x_wconf 90' lang='lat' dir='ltr'>boc</span> <span class='ocrx_word' id='word_1_201' title='bbox 760 2554 786 2616; x_wconf 91' lang='lat' dir='ltr'>si</span> <span class='ocrx_word' id='word_1_202' title='bbox 810 2554 967 2632; x_wconf 92' lang='lat' dir='ltr'>sumseris,</span> <span class='ocrx_word' id='word_1_203' title='bbox 992 2553 1051 2615; x_wconf 89' lang='lat' dir='ltr'>duo</span> <span class='ocrx_word' id='word_1_204' title='bbox 1068 2553 1099 2614; x_wconf 93' lang='lat' dir='ltr'>in</span> <span class='ocrx_word' id='word_1_205' title='bbox 1120 2551 1229 2614; x_wconf 90' lang='lat' dir='ltr'>eodem</span> <span class='ocrx_word' id='word_1_206' title='bbox 1245 2569 1319 2613; x_wconf 92' lang='lat' dir='ltr'>cor-</span> 
     </span>
     <span class='ocr_line' id='line_1_22' title="bbox 223 2661 1317 2738; baseline 0.001 -17"><span class='ocrx_word' id='word_1_207' title='bbox 223 2677 300 2738; x_wconf 89' lang='lat' dir='ltr'>pora</span> <span class='ocrx_word' id='word_1_208' title='bbox 320 2667 444 2724; x_wconf 88' lang='lat' dir='ltr'>statues.</span> <span class='ocrx_word' id='word_1_209' title='bbox 495 2661 573 2723; x_wconf 90' lang='lat' dir='ltr'>Hinc</span> <span class='ocrx_word' id='word_1_210' title='bbox 594 2663 741 2725; x_wconf 89' lang='lat' dir='ltr'>transitur</span> <span class='ocrx_word' id='word_1_211' title='bbox 767 2663 803 2725; x_wconf 90' lang='lat' dir='ltr'>ad</span> <span class='ocrx_word' id='word_1_212' title='bbox 836 2663 1011 2725; x_wconf 88' lang='lat' dir='ltr'>diluendam</span> <span class='ocrx_word' id='word_1_213' title='bbox 1035 2663 1169 2724; x_wconf 90' lang='lat' dir='ltr'>Zenonis</span> <span class='ocrx_word' id='word_1_214' title='bbox 1194 2661 1317 2724; x_wconf 89' lang='lat' dir='ltr'>dubita-</span> 
     </span>
     <span class='ocr_line' id='line_1_23' title="bbox 224 2769 1316 2852; baseline 0.001 -23"><span class='ocrx_word' id='word_1_215' title='bbox 224 2769 357 2844; x_wconf 84' lang='lat' dir='ltr'>tionem3</span> <span class='ocrx_word' id='word_1_216' title='bbox 387 2787 457 2832; x_wconf 87' lang='lat' dir='ltr'>nam</span> <span class='ocrx_word' id='word_1_217' title='bbox 492 2770 564 2832; x_wconf 89' lang='lat' dir='ltr'>licet</span> <span class='ocrx_word' id='word_1_218' title='bbox 595 2771 625 2832; x_wconf 95' lang='lat' dir='ltr'>in</span> <span class='ocrx_word' id='word_1_219' title='bbox 658 2771 759 2852; x_wconf 90' lang='lat' dir='ltr'>aliquo</span> <span class='ocrx_word' id='word_1_220' title='bbox 792 2789 862 2835; x_wconf 90' lang='lat' dir='ltr'>esse</span> <span class='ocrx_word' id='word_1_221' title='bbox 891 2772 992 2835; x_wconf 91' lang='lat' dir='ltr'>locum</span> <span class='ocrx_word' id='word_1_222' title='bbox 1024 2772 1251 2848; x_wconf 84' lang='lat' dir='ltr'>concedamus,</span> <span class='ocrx_word' id='word_1_223' title='bbox 1285 2770 1316 2831; x_wconf 93' lang='lat' dir='ltr'>in</span> 
     </span>
    </p>
   </div>
   <div class='ocr_carea' id='block_1_3' title="bbox 222 2871 1340 2960">
    <p class='ocr_par' dir='ltr' id='par_1_3' title="bbox 222 2871 1340 2960">
     <span class='ocr_line' id='line_1_24' title="bbox 222 2871 1340 2960; baseline 0.004 -22"><span class='ocrx_word' id='word_1_224' title='bbox 222 2877 320 2958; x_wconf 89' lang='lat' dir='ltr'>primo</span> <span class='ocrx_word' id='word_1_225' title='bbox 344 2883 491 2941; x_wconf 86' lang='lat' dir='ltr'>lamens.</span> <span class='ocrx_word' id='word_1_226' title='bbox 521 2880 646 2960; x_wconf 89' lang='lat' dir='ltr'>proprio</span> <span class='ocrx_word' id='word_1_227' title='bbox 668 2881 739 2943; x_wconf 92' lang='lat' dir='ltr'>loco</span> <span class='ocrx_word' id='word_1_228' title='bbox 762 2898 824 2942; x_wconf 94' lang='lat' dir='ltr'>non</span> <span class='ocrx_word' id='word_1_229' title='bbox 847 2888 912 2960; x_wconf 85' lang='lat' dir='ltr'>est,</span> <span class='ocrx_word' id='word_1_230' title='bbox 943 2881 998 2944; x_wconf 81' lang='lat' dir='ltr'>s&#39;ed</span> <span class='ocrx_word' id='word_1_231' title='bbox 1029 2886 1061 2943; x_wconf 90' lang='lat' dir='ltr'>ut</span> <span class='ocrx_word' id='word_1_232' title='bbox 1082 2881 1202 2943; x_wconf 91' lang='lat' dir='ltr'>babitus</span> <span class='ocrx_word' id='word_1_233' title='bbox 1222 2871 1340 2957; x_wconf 57' lang='grc' dir='ltr'>(ἓξιςι</span> 
     </span>
    </p>
   </div>
   <div class='ocr_carea' id='block_1_4' title="bbox 218 2985 1320 3835">
    <p class='ocr_par' dir='ltr' id='par_1_4' title="bbox 221 2985 1320 3391">
     <span class='ocr_line' id='line_1_25' title="bbox 221 2985 1320 3076; baseline 0.001 -28"><span class='ocrx_word' id='word_1_234' title='bbox 221 2987 271 3050; x_wconf 89' lang='lat' dir='ltr'>vel</span> <span class='ocrx_word' id='word_1_235' title='bbox 294 2985 415 3050; x_wconf 84' lang='lat' dir='ltr'>allectio</span> <span class='ocrx_word' id='word_1_236' title='bbox 440 2987 579 3076; x_wconf 71' lang='grc' dir='ltr'>(πάθος)</span> <span class='ocrx_word' id='word_1_237' title='bbox 593 2989 623 3051; x_wconf 94' lang='lat' dir='ltr'>in</span> <span class='ocrx_word' id='word_1_238' title='bbox 646 2990 772 3052; x_wconf 86' lang='lat' dir='ltr'>materia</span> <span class='ocrx_word' id='word_1_239' title='bbox 795 2991 894 3071; x_wconf 91' lang='lat' dir='ltr'>spatio</span> <span class='ocrx_word' id='word_1_240' title='bbox 916 2990 1054 3053; x_wconf 91' lang='lat' dir='ltr'>subiecta</span> <span class='ocrx_word' id='word_1_241' title='bbox 1062 3011 1071 3067; x_wconf 82' lang='lat'>3</span> <span class='ocrx_word' id='word_1_242' title='bbox 1095 2995 1142 3052; x_wconf 91' lang='lat' dir='ltr'>est</span> <span class='ocrx_word' id='word_1_243' title='bbox 1162 2989 1242 3051; x_wconf 91' lang='lat' dir='ltr'>enim</span> <span class='ocrx_word' id='word_1_244' title='bbox 1263 2997 1320 3050; x_wconf 71' lang='lat' dir='ltr'>su-&#39;</span> 
     </span>
     <span class='ocr_line' id='line_1_26' title="bbox 222 3095 1318 3180; baseline 0.003 -24"><span class='ocrx_word' id='word_1_245' title='bbox 222 3095 362 3174; x_wconf 87' lang='lat' dir='ltr'>perficies</span> <span class='ocrx_word' id='word_1_246' title='bbox 380 3097 542 3160; x_wconf 88' lang='lat' dir='ltr'>continens</span> <span class='ocrx_word' id='word_1_247' title='bbox 564 3099 732 3164; x_wconf 91' lang='lat' dir='ltr'>materiam.</span> <span class='ocrx_word' id='word_1_248' title='bbox 784 3100 979 3180; x_wconf 70' lang='lat' dir='ltr'>compertum</span> <span class='ocrx_word' id='word_1_249' title='bbox 1002 3104 1047 3162; x_wconf 91' lang='lat' dir='ltr'>est</span> <span class='ocrx_word' id='word_1_250' title='bbox 1068 3116 1144 3180; x_wconf 86' lang='lat' dir='ltr'>ergo</span> <span class='ocrx_word' id='word_1_251' title='bbox 1167 3098 1257 3160; x_wconf 94' lang='lat' dir='ltr'>nobis</span> <span class='ocrx_word' id='word_1_252' title='bbox 1280 3117 1318 3159; x_wconf 84' lang='lat' dir='ltr'>ex</span> 
     </span>
     <span class='ocr_line' id='line_1_27' title="bbox 221 3203 1317 3287; baseline 0.003 -22"><span class='ocrx_word' id='word_1_253' title='bbox 221 3203 370 3266; x_wconf 89' lang='lat' dir='ltr'>hactenus</span> <span class='ocrx_word' id='word_1_254' title='bbox 395 3204 575 3284; x_wconf 91' lang='lat' dir='ltr'>disputatis,</span> <span class='ocrx_word' id='word_1_255' title='bbox 604 3205 723 3284; x_wconf 88' lang='lat' dir='ltr'>locum,</span> <span class='ocrx_word' id='word_1_256' title='bbox 756 3212 860 3286; x_wconf 88' lang='lat' dir='ltr'>utpote</span> <span class='ocrx_word' id='word_1_257' title='bbox 894 3208 1047 3270; x_wconf 88' lang='lat' dir='ltr'>diversum</span> <span class='ocrx_word' id='word_1_258' title='bbox 1072 3208 1109 3270; x_wconf 88' lang='lat' dir='ltr'>ab</span> <span class='ocrx_word' id='word_1_259' title='bbox 1141 3225 1201 3286; x_wconf 92' lang='lat' dir='ltr'>eo,</span> <span class='ocrx_word' id='word_1_260' title='bbox 1235 3206 1317 3287; x_wconf 90' lang='lat' dir='ltr'>quod</span> 
     </span>
     <span class='ocr_line' id='line_1_28' title="bbox 221 3313 1060 3391; baseline 0.008 -18"><span class='ocrx_word' id='word_1_261' title='bbox 221 3313 377 3391; x_wconf 77' lang='lat' dir='ltr'>continet,</span> <span class='ocrx_word' id='word_1_262' title='bbox 398 3331 456 3375; x_wconf 88' lang='lat' dir='ltr'>nec</span> <span class='ocrx_word' id='word_1_263' title='bbox 479 3314 607 3376; x_wconf 85' lang='lat' dir='ltr'>sormam</span> <span class='ocrx_word' id='word_1_264' title='bbox 631 3333 701 3378; x_wconf 90' lang='lat' dir='ltr'>esse</span> <span class='ocrx_word' id='word_1_265' title='bbox 723 3334 781 3378; x_wconf 92' lang='lat' dir='ltr'>nec</span> <span class='ocrx_word' id='word_1_266' title='bbox 803 3317 971 3379; x_wconf 89' lang='lat' dir='ltr'>materiam.</span> <span class='ocrx_word' id='word_1_267' title='bbox 1058 3345 1060 3350; x_wconf 96' lang='lat'>·</span> 
     </span>
    </p>

    <p class='ocr_par' dir='ltr' id='par_1_5' title="bbox 218 3422 1317 3835">
     <span class='ocr_line' id='line_1_29' title="bbox 318 3422 1317 3505; baseline 0.002 -21"><span class='ocrx_word' id='word_1_268' title='bbox 318 3422 468 3485; x_wconf 88' lang='lat' dir='ltr'>Absoluta</span> <span class='ocrx_word' id='word_1_269' title='bbox 492 3423 568 3503; x_wconf 88' lang='lat' dir='ltr'>iarn,</span> <span class='ocrx_word' id='word_1_270' title='bbox 594 3425 726 3505; x_wconf 84' lang='lat' dir='ltr'>quaein</span> <span class='ocrx_word' id='word_1_271' title='bbox 755 3424 898 3488; x_wconf 90' lang='lat' dir='ltr'>tollendis</span> <span class='ocrx_word' id='word_1_272' title='bbox 924 3425 1165 3488; x_wconf 83' lang='lat' dir='ltr'>dubitationibus</span> <span class='ocrx_word' id='word_1_273' title='bbox 1194 3423 1317 3486; x_wconf 89' lang='lat' dir='ltr'>niteba-</span> 
     </span>
     <span class='ocr_line' id='line_1_30' title="bbox 219 3529 1316 3615; baseline 0 -23"><span class='ocrx_word' id='word_1_274' title='bbox 219 3537 277 3608; x_wconf 93' lang='lat' dir='ltr'>tur,</span> <span class='ocrx_word' id='word_1_275' title='bbox 302 3533 408 3612; x_wconf 87' lang='lat' dir='ltr'>capitis</span> <span class='ocrx_word' id='word_1_276' title='bbox 429 3539 514 3612; x_wconf 88' lang='lat' dir='ltr'>parte</span> <span class='ocrx_word' id='word_1_277' title='bbox 537 3534 685 3615; x_wconf 93' lang='lat' dir='ltr'>scriptor,</span> <span class='ocrx_word' id='word_1_278' title='bbox 714 3536 857 3615; x_wconf 83' lang='lat' dir='ltr'>quidnam</span> <span class='ocrx_word' id='word_1_279' title='bbox 882 3536 922 3598; x_wconf 86' lang='lat' dir='ltr'>sit</span> <span class='ocrx_word' id='word_1_280' title='bbox 940 3535 1025 3597; x_wconf 90' lang='lat' dir='ltr'>locus</span> <span class='ocrx_word' id='word_1_281' title='bbox 1049 3531 1096 3611; x_wconf 76' lang='grc' dir='ltr'>(τὰ</span> <span class='ocrx_word' id='word_1_282' title='bbox 1129 3532 1163 3595; x_wconf 78' lang='grc' dir='ltr'>τί</span> <span class='ocrx_word' id='word_1_283' title='bbox 1191 3529 1274 3594; x_wconf 76' lang='grc' dir='ltr'>ἐστιν</span> <span class='ocrx_word' id='word_1_284' title='bbox 1301 3529 1316 3592; x_wconf 78' lang='grc' dir='ltr'><em>ὃ</em></span> 
     </span>
     <span class='ocr_line' id='line_1_31' title="bbox 218 3635 1317 3726; baseline 0.002 -26"><span class='ocrx_word' id='word_1_285' title='bbox 218 3635 327 3717; x_wconf 73' lang='grc' dir='ltr'>τόπος)</span> <span class='ocrx_word' id='word_1_286' title='bbox 351 3643 505 3704; x_wconf 88' lang='lat' dir='ltr'>examinat</span> <span class='ocrx_word' id='word_1_287' title='bbox 524 3645 714 3725; x_wconf 88' lang='lat' dir='ltr'>primumque</span> <span class='ocrx_word' id='word_1_288' title='bbox 735 3645 895 3726; x_wconf 90' lang='lat' dir='ltr'>perpendit</span> <span class='ocrx_word' id='word_1_289' title='bbox 917 3664 971 3722; x_wconf 93' lang='lat' dir='ltr'>ea,</span> <span class='ocrx_word' id='word_1_290' title='bbox 1002 3663 1080 3724; x_wconf 87' lang='lat' dir='ltr'>quae</span> <span class='ocrx_word' id='word_1_291' title='bbox 1103 3643 1164 3705; x_wconf 91' lang='lat' dir='ltr'>loci</span> <span class='ocrx_word' id='word_1_292' title='bbox 1189 3641 1317 3722; x_wconf 72' lang='grc' dir='ltr'>αἰηθῶς</span> 
     </span>
     <span class='ocr_line' id='line_1_32' title="bbox 218 3748 1315 3835; baseline 0.001 -27"><span class='ocrx_word' id='word_1_293' title='bbox 218 3748 291 3808; x_wconf 77' lang='grc' dir='ltr'>καθ’</span> <span class='ocrx_word' id='word_1_294' title='bbox 313 3748 391 3811; x_wconf 75' lang='grc' dir='ltr'>αὑτό</span> <span class='ocrx_word' id='word_1_295' title='bbox 425 3753 548 3832; x_wconf 89' lang='lat' dir='ltr'>propria</span> <span class='ocrx_word' id='word_1_296' title='bbox 581 3761 667 3832; x_wconf 90' lang='lat' dir='ltr'>sunt,</span> <span class='ocrx_word' id='word_1_297' title='bbox 699 3772 824 3835; x_wconf 88' lang='lat' dir='ltr'>quorum</span> <span class='ocrx_word' id='word_1_298' title='bbox 859 3760 987 3834; x_wconf 88' lang='lat' dir='ltr'>quatuor</span> <span class='ocrx_word' id='word_1_299' title='bbox 1016 3753 1047 3814; x_wconf 95' lang='lat' dir='ltr'>in</span> <span class='ocrx_word' id='word_1_300' title='bbox 1080 3753 1182 3815; x_wconf 87' lang='lat' dir='ltr'>medio</span> <span class='ocrx_word' id='word_1_301' title='bbox 1210 3751 1315 3831; x_wconf 90' lang='lat' dir='ltr'>ponit:</span> 
     </span>
    </p>
   </div>
   <div class='ocr_carea' id='block_1_5' title="bbox 222 3919 484 3935">
    <p class='ocr_par' dir='ltr' id='par_1_6' title="bbox 222 3919 484 3935">
     <span class='ocr_line' id='line_1_33' title="bbox 222 3919 484 3935; baseline -0.008 -1"><span class='ocrx_word' id='word_1_302' title='bbox 222 3919 484 3935; x_wconf 53' lang='lat' dir='ltr'><em>m</em></span> 
     </span>
    </p>
   </div>
   <div class='ocr_carea' id='block_1_6' title="bbox 218 4017 1315 4284">
    <p class='ocr_par' dir='ltr' id='par_1_7' title="bbox 218 4017 1315 4284">
     <span class='ocr_line' id='line_1_34' title="bbox 321 4017 1315 4092; baseline -0.006 -19"><span class='ocrx_word' id='word_1_303' title='bbox 321 4022 350 4092; x_wconf 82' lang='lat'>6)</span> <span class='ocrx_word' id='word_1_304' title='bbox 379 4022 549 4074; x_wconf 80' lang='lat' dir='ltr'>Aristotelem</span> <span class='ocrx_word' id='word_1_305' title='bbox 572 4021 682 4073; x_wconf 85' lang='lat' dir='ltr'>diversis</span> <span class='ocrx_word' id='word_1_306' title='bbox 709 4020 749 4072; x_wconf 92' lang='lat' dir='ltr'>bis</span> <span class='ocrx_word' id='word_1_307' title='bbox 767 4021 851 4072; x_wconf 92' lang='lat' dir='ltr'>modis</span> <span class='ocrx_word' id='word_1_308' title='bbox 873 4036 926 4072; x_wconf 89' lang='lat' dir='ltr'>rem</span> <span class='ocrx_word' id='word_1_309' title='bbox 948 4035 1000 4070; x_wconf 93' lang='lat' dir='ltr'>non</span> <span class='ocrx_word' id='word_1_310' title='bbox 1020 4034 1077 4068; x_wconf 91' lang='lat' dir='ltr'>cum</span> <span class='ocrx_word' id='word_1_311' title='bbox 1102 4017 1267 4084; x_wconf 86' lang='lat' dir='ltr'>puluisculo,</span> <span class='ocrx_word' id='word_1_312' title='bbox 1287 4024 1315 4067; x_wconf 87' lang='lat' dir='ltr'>ut</span> 
     </span>
     <span class='ocr_line' id='line_1_35' title="bbox 219 4114 1314 4186; baseline -0.006 -16"><span class='ocrx_word' id='word_1_313' title='bbox 219 4121 300 4186; x_wconf 91' lang='lat' dir='ltr'>aiunt,</span> <span class='ocrx_word' id='word_1_314' title='bbox 321 4120 490 4184; x_wconf 79' lang='lat' dir='ltr'>exhausisse,</span> <span class='ocrx_word' id='word_1_315' title='bbox 516 4121 567 4168; x_wconf 88' lang='lat' dir='ltr'>iarn</span> <span class='ocrx_word' id='word_1_316' title='bbox 587 4118 612 4167; x_wconf 91' lang='lat' dir='ltr'>id</span> <span class='ocrx_word' id='word_1_317' title='bbox 636 4124 790 4185; x_wconf 84' lang='lat' dir='ltr'>argumento</span> <span class='ocrx_word' id='word_1_318' title='bbox 812 4124 865 4181; x_wconf 84' lang='lat' dir='ltr'>est,</span> <span class='ocrx_word' id='word_1_319' title='bbox 891 4115 973 4182; x_wconf 91' lang='lat' dir='ltr'>quod,</span> <span class='ocrx_word' id='word_1_320' title='bbox 993 4114 1122 4181; x_wconf 90' lang='lat' dir='ltr'>quomodo</span> <span class='ocrx_word' id='word_1_321' title='bbox 1144 4115 1171 4164; x_wconf 89' lang='lat' dir='ltr'>in</span> <span class='ocrx_word' id='word_1_322' title='bbox 1196 4121 1314 4180; x_wconf 85' lang='lat' dir='ltr'>tempore</span> 
     </span>
     <span class='ocr_line' id='line_1_36' title="bbox 218 4208 1312 4284; baseline -0.007 -16"><span class='ocrx_word' id='word_1_323' title='bbox 218 4218 252 4268; x_wconf 83' lang='lat' dir='ltr'>sit</span> <span class='ocrx_word' id='word_1_324' title='bbox 264 4208 372 4284; x_wconf 61' lang='lat' dir='ltr'>&#39;aliquid</span> <span class='ocrx_word' id='word_1_325' title='bbox 392 4216 431 4282; x_wconf 74' lang='lat' dir='ltr'>(b.</span> <span class='ocrx_word' id='word_1_326' title='bbox 453 4232 476 4266; x_wconf 87' lang='lat' dir='ltr'>c.</span> <span class='ocrx_word' id='word_1_327' title='bbox 498 4210 529 4268; x_wconf 85' lang='grc' dir='ltr'><strong>ιό</strong></span> <span class='ocrx_word' id='word_1_328' title='bbox 551 4228 609 4265; x_wconf 86' lang='lat' dir='ltr'>esse</span> <span class='ocrx_word' id='word_1_329' title='bbox 628 4214 654 4263; x_wconf 91' lang='lat' dir='ltr'>in</span> <span class='ocrx_word' id='word_1_330' title='bbox 674 4213 763 4280; x_wconf 90' lang='lat' dir='ltr'>aliquo</span> <span class='ocrx_word' id='word_1_331' title='bbox 782 4220 811 4263; x_wconf 91' lang='lat' dir='ltr'>ut</span> <span class='ocrx_word' id='word_1_332' title='bbox 829 4214 982 4263; x_wconf 88' lang='lat' dir='ltr'>innumero</span> <span class='ocrx_word' id='word_1_333' title='bbox 1000 4210 1058 4262; x_wconf 86' lang='lat' dir='ltr'>sive</span> <span class='ocrx_word' id='word_1_334' title='bbox 1077 4215 1211 4279; x_wconf 88' lang='lat' dir='ltr'>mensura)</span> <span class='ocrx_word' id='word_1_335' title='bbox 1233 4209 1312 4277; x_wconf 87' lang='lat' dir='ltr'>plane</span> 
     </span>
    </p>
   </div>
   <div class='ocr_carea' id='block_1_7' title="bbox 216 4315 399 4381">
    <p class='ocr_par' dir='ltr' id='par_1_8' title="bbox 216 4315 399 4381">
     <span class='ocr_line' id='line_1_37' title="bbox 216 4315 399 4381; baseline 0 -17"><span class='ocrx_word' id='word_1_336' title='bbox 216 4315 399 4381; x_wconf 87' lang='lat' dir='ltr'>praetermisit.</span> 
     </span>
    </p>
   </div>
   <div class='ocr_carea' id='block_1_8' title="bbox 0 0 1460 4698">
    <p class='ocr_par' dir='ltr' id='par_1_9' title="bbox 0 0 1460 4698">
     <span class='ocr_line' id='line_1_38' title="bbox 0 0 1460 4698; baseline 0 5"><span class='ocrx_word' id='word_1_337' title='bbox 0 0 1460 4698; x_wconf 95' lang='lat' dir='ltr'> </span> 
     </span>
    </p>
   </div>
  </div>
 </body>
</html>
