2910 4698
8 487 10 568 j
114 499 190 564 tium
213 501 392 583 constituat,
417 523 494 587 quae
522 507 708 571 seinvicem
730 507 928 571 excludentes
951 507 1050 571 altera
1071 509 1160 571 tacto
1182 515 1211 570 et

115 618 209 674 cetra
229 614 357 675 alteram
371 619 413 692 25)
439 615 560 679 iaceant
575 617 695 698 sintque
709 617 768 680 sibi
791 618 922 681 invicem
938 619 1059 682 termini
1073 635 1109 681 ac
1123 619 1209 682 lines.

180 721 214 800 b)
236 722 355 785 Deinde
378 724 501 787 dubium
523 743 583 786 non
607 731 663 804 est,
688 727 758 806 quin
781 734 908 790 naturae
927 733 957 789 et
980 727 1159 808 principium
1183 731 1213 788 et

8 827 10 862 ²
115 831 179 894 vita
202 831 320 892 initiam
343 832 477 911 ceperint
498 851 597 914 neqne
618 834 656 897 ab
679 841 805 898 aeterno
828 836 1007 899 exstiterint.
1052 836 1143 898 Cuius
1166 835 1212 899 rei

112 942 332 1023 gravissimum
348 941 560 1006 documentum
584 945 709 1024 praebet
731 945 899 1008 relatititas
918 951 947 1008 et
970 944 1212 1026 circumscriptio

112 1057 254 1114 naturae.
300 1051 375 1114 Nam
398 1069 487 1134 quum
508 1052 587 1115 nulla
611 1055 676 1116 eius
698 1072 768 1135 pars
793 1069 848 1135 pro
871 1073 906 1117 sc
930 1052 1079 1118 consistat
1100 1055 1155 1118 sed
1179 1056 1209 1117 in

114 1146 178 1223 alia
209 1174 348 1241 quaeque
380 1162 539 1224 terminum
566 1177 650 1225 suum
677 1169 767 1244 alque
790 1163 902 1246 agendi
927 1169 956 1225 et
984 1163 1156 1226 securitatem
1183 1167 1213 1226 et

33 1267 35 1271 ’
115 1285 222 1332 ansam
244 1271 374 1349 habeat,
398 1272 472 1333 nihil
495 1274 762 1353 prolectonaturd
786 1273 883 1355 magis
905 1279 1052 1336 remotum
1075 1275 1112 1336 ab
1143 1273 1212 1336 infi—
1305 1329 1310 1342 ,
1418 1303 1423 1317 ³

114 1379 201 1442 nitae
226 1397 250 1441 s.
276 1379 435 1442 absolutae
461 1379 648 1444 substantiae
669 1382 817 1463 dignitate
840 1383 1129 1478 angustioribusque
1153 1381 1213 1443 ob-

6 1479 7 1482 '
115 1495 216 1550 rutum
238 1488 347 1550 finibus
371 1494 426 1549 est.
471 1490 518 1551 Ad
541 1490 600 1551 boc
623 1496 739 1568 natura,
760 1491 790 1551 in
806 1491 1012 1552 conditionem
1031 1491 1211 1552 existentiae

112 1597 273 1676 translata,
297 1615 359 1659 non
384 1597 483 1660 statim
505 1598 542 1659 ab
567 1599 654 1661 initio
675 1576 814 1662 omnibus
836 1599 970 1661 numeris
993 1600 1129 1680 perlecta
1152 1617 1222 1661 ex-¹

107 1705 249 1784 sistebat,
272 1705 327 1768 sed
350 1706 493 1787 paulatim
514 1707 759 1790 gradatimquea
782 1707 1016 1788 simplicissimis
1033 1707 1208 1788 primordiis

111 1815 254 1900 proiecta
274 1833 345 1876 sese
368 1815 497 1892 evolvit,
520 1821 552 1875 ut
574 1815 695 1876 tandem
720 1815 749 1876 in
782 1816 954 1893 animante,
984 1823 1055 1897 (per
1080 1815 1208 1896 quodsi

114 1940 178 1984 non
199 1908 417 2000 substantiam,
441 1921 527 1984 huius
550 1928 651 1985 tamen
674 1923 894 2004 apparitionem
919 1925 1207 2006 comprehenderet)

9 2019 13 2026 ’
113 2050 151 2093 ac
184 2031 250 2111 plus
284 2033 373 2094 etiam
408 2032 438 2092 in
471 2031 615 2109 homine,
648 2031 811 2094 adiuvante
843 2032 931 2094 huius
965 2035 1083 2110 animo,
1117 2033 1206 2096 finem

113 2154 201 2201 suum
227 2146 452 2219 assequeretur.
497 2141 581 2214 Quae
604 2139 725 2218 quidem
746 2138 887 2220 gradatio
910 2141 1085 2220 sensimque
1102 2159 1137 2202 se
1153 2161 1209 2203 ex-

111 2247 231 2329 plicans
255 2247 534 2329 phaenomenorum
566 2241 701 2308 evolutio
725 2252 784 2308 tam
809 2255 913 2327 aperta
943 2261 1017 2327 prae
1039 2267 1073 2310 se
1107 2247 1208 2310 icrunt

110 2355 252 2436 deinceps
275 2356 405 2419 altcarius
428 2361 457 2416 et
485 2355 601 2416 ordinis
629 2356 779 2436 vestigia,
810 2361 843 2417 ut
871 2355 1046 2434 temporalis
1077 2361 1208 2416 raotoroe

109 2462 213 2546 formo
235 2463 346 2527 nullam
369 2462 496 2542 amplius
518 2461 736 2524 dubitationem
764 2462 909 2525 admittat.
959 2463 1114 2525 Postremo
1134 2463 1205 2525 loco

112 2573 356 2638 boc-tacendum
380 2583 440 2633 non
464 2577 526 2649 est,
555 2569 634 2652 quod
658 2575 764 2634 natura
787 2571 879 2633 iebus
900 2571 1029 2655 singulis
1051 2578 1080 2633 et
1101 2571 1205 2633 multi-¹

110 2670 227 2763 tudine',
251 2681 419 2745 individuis
440 2686 470 2742 et
492 2680 717 2758 communitate,
741 2684 814 2759 (aus
835 2676 959 2742 uinhett
979 2679 1041 2742 und
1062 2679 1204 2758 Vielbeit,

58 2860 60 2864 y
109 2793 287 2854 Einzetnem
309 2791 371 2853 und
394 2783 692 2871 blanniclrialtigem)
713 2796 842 2867 constat,
866 2807 993 2871 quorum
1017 2789 1093 2852 baec
1115 2807 1204 2870 quum

109 2909 232 2978 semper
251 2905 381 2975 maneat,
405 2890 455 2960 illa
474 2891 615 2959 continuo
634 2896 795 2957 elabuntur
816 2905 844 2958 et
862 2906 992 2974 pereunt
1012 2910 1066 2972 (zu
1080 2897 1205 2961 Grunde

109 3006 241 3090 gelren),
264 3040 303 3054 -
329 3007 436 3068 iterum
458 3005 601 3084 temporis
623 3005 843 3084 apertissimum
868 3004 1091 3067 documentum.

173 3127 205 3194 c)
229 3117 324 3191 Quum
347 3131 440 3194 porro
472 3121 600 3175 naturae
627 3113 790 3175 existentia
817 3113 929 3191 daptcc
959 3113 1018 3190 sit,
1052 3099 1204 3176 obiectiva

79 3307 89 3314 ,
108 3227 250 3289 nimirum
275 3231 305 3287 et
327 3223 508 3301 subiectiva,
531 3223 561 3284 in
582 3229 741 3303 utramque
763 3222 852 3284 cadat
872 3221 979 3284 localis
997 3221 1047 3284 illa
1070 3238 1106 3283 ac
1122 3227 1203 3283 tem-

107 3335 223 3416 poralis
247 3335 328 3397 vitae
352 3315 449 3397 iorma
473 3345 603 3398 necesse
627 3337 683 3397 est.
735 3332 887 3406 Quocirca
920 3338 952 3393 ut
985 3332 1016 3393 in
1051 3330 1203 3392 obiectiva

107 3443 389 3525 phaenomenorum
408 3449 491 3522 parte
514 3449 543 3503 et
560 3443 717 3504 materiale
734 3441 866 3518 spatium
885 3438 981 3500 tribus
1002 3437 1205 3499 dimensioni·-

107 3554 165 3617 bus
189 3551 359 3633 praeditum
388 3569 412 3612 s.
446 3557 622 3629 extensum,
647 3556 676 3611 et
700 3554 815 3627 tempas
844 3567 869 3610 s.
901 3547 977 3608 ordo
999 3546 1203 3608 materialium

107 3669 241 3726 motuum
264 3667 294 3723 et
318 3645 585 3722 commutationum
606 3664 739 3740 apparet,
764 3659 805 3718 ita
828 3655 1060 3719 subiectivitatis
1076 3665 1202 3722 naturae

104 3771 260 3853 proprium
291 3774 337 3831 est
365 3773 395 3828 et
416 3769 548 3848 scrutate
573 3767 725 3847 spatium,
757 3766 837 3846 qaod
870 3765 1020 3846 imagines
1056 3769 1202 3850 variaque

109 3880 266 3944 schemata
289 3878 321 3937 in
343 3876 507 3938 memoriae
530 3892 657 3939 recessu
679 3877 762 3938 iuxta
783 3893 818 3937 se
839 3875 970 3938 invicem
991 3877 1090 3958 posita
1113 3878 1202 3938 exbi-

108 3988 178 4065 bet,
197 3991 229 4048 'et
255 3994 370 4064 tenipus
390 3985 521 4064 formale
544 4003 569 4047 s.
600 3979 675 4047 ordo
696 4003 734 4046 uc
751 4002 918 4063 processus
941 3987 1124 4049 relationum
1146 3984 1204 4046 ab·

107 4095 366 4176 stractionumque
391 4090 532 4158 subiecti.

124 4251 245 4260 ψ.-
249 4239 413 4260 -ι-ιῦ-

110 4337 113 4340 ·
206 4315 253 4389 25)
272 4314 307 4366 ot.
330 4315 446 4386 simplic.
464 4316 492 4369 tn
510 4313 601 4384 ocrea
623 4334 655 4388 φ,
676 4312 694 4365 l.
718 4316 740 4379 t,
763 4311 793 4364 b:
825 4306 856 4364 ed
874 4301 945 4362 arat
965 4305 1056 4366 atnoe*
1070 4313 1168 4383 ponte.
