<?xml version="1.0" encoding="UTF-8"?>
<!DOCTYPE html PUBLIC "-//W3C//DTD XHTML 1.0 Transitional//EN"
    "http://www.w3.org/TR/xhtml1/DTD/xhtml1-transitional.dtd">
<html xmlns="http://www.w3.org/1999/xhtml" xml:lang="en" lang="en">
 <head>
  <title>
</title>
<meta http-equiv="Content-Type" content="text/html;charset=utf-8" />
  <meta name='ocr-system' content='tesseract 3.04.00' />
  <meta name='ocr-capabilities' content='ocr_page ocr_carea ocr_par ocr_line ocrx_word'/>
</head>
<body>
  <div class='ocr_page' id='page_1' title='image "./despatioettempo00woltgoog_0014.png"; bbox 0 0 2910 4698; ppageno 0'>
   <div class='ocr_carea' id='block_1_1' title="bbox 583 305 792 372">
    <p class='ocr_par' dir='ltr' id='par_1_1' title="bbox 583 305 792 372">
     <span class='ocr_line' id='line_1_1' title="bbox 583 305 792 372; baseline 0.014 -20"><span class='ocrx_word' id='word_1_1' title='bbox 583 305 792 372; x_wconf 65' lang='lat'>..3-</span> 
     </span>
    </p>
   </div>
   <div class='ocr_carea' id='block_1_2' title="bbox 85 481 1296 3736">
    <p class='ocr_par' dir='ltr' id='par_1_2' title="bbox 85 481 1296 2424">
     <span class='ocr_line' id='line_1_2' title="bbox 138 481 1263 568; baseline 0.002 -20"><span class='ocrx_word' id='word_1_2' title='bbox 138 487 200 548; x_wconf 93' lang='lat' dir='ltr'>mul</span> <span class='ocrx_word' id='word_1_3' title='bbox 224 487 422 568; x_wconf 77' lang='lat' dir='ltr'>augescere?</span> <span class='ocrx_word' id='word_1_4' title='bbox 465 487 542 550; x_wconf 88' lang='lat' dir='ltr'>lliuc</span> <span class='ocrx_word' id='word_1_5' title='bbox 568 485 725 550; x_wconf 72' lang='lat' dir='ltr'>concludit</span> <span class='ocrx_word' id='word_1_6' title='bbox 745 486 939 566; x_wconf 80' lang='lat' dir='ltr'>Aristoteles,</span> <span class='ocrx_word' id='word_1_7' title='bbox 962 503 1026 550; x_wconf 88' lang='lat' dir='ltr'>nou</span> <span class='ocrx_word' id='word_1_8' title='bbox 1048 485 1140 550; x_wconf 90' lang='lat' dir='ltr'>modo</span> <span class='ocrx_word' id='word_1_9' title='bbox 1163 486 1235 568; x_wconf 90' lang='lat' dir='ltr'>quid</span> <span class='ocrx_word' id='word_1_10' title='bbox 1258 481 1263 489; x_wconf 82' lang='lat'>&#39;</span> 
     </span>
     <span class='ocr_line' id='line_1_3' title="bbox 142 595 1237 678; baseline 0.004 -20"><span class='ocrx_word' id='word_1_11' title='bbox 142 595 202 673; x_wconf 90' lang='lat' dir='ltr'>sit,</span> <span class='ocrx_word' id='word_1_12' title='bbox 232 596 287 658; x_wconf 91' lang='lat' dir='ltr'>sed</span> <span class='ocrx_word' id='word_1_13' title='bbox 317 595 365 658; x_wconf 87' lang='lat' dir='ltr'>vel</span> <span class='ocrx_word' id='word_1_14' title='bbox 388 602 486 658; x_wconf 89' lang='lat' dir='ltr'>utrum</span> <span class='ocrx_word' id='word_1_15' title='bbox 515 597 554 660; x_wconf 92' lang='lat' dir='ltr'>sit</span> <span class='ocrx_word' id='word_1_16' title='bbox 583 598 729 678; x_wconf 84' lang='lat' dir='ltr'>spatium,</span> <span class='ocrx_word' id='word_1_17' title='bbox 759 596 858 660; x_wconf 90' lang='lat' dir='ltr'>adbuc</span> <span class='ocrx_word' id='word_1_18' title='bbox 884 597 1026 660; x_wconf 88' lang='lat' dir='ltr'>dubitari.</span> <span class='ocrx_word' id='word_1_19' title='bbox 1084 597 1237 674; x_wconf 80' lang='lat' dir='ltr'>Quocirca</span> 
     </span>
     <span class='ocr_line' id='line_1_4' title="bbox 141 702 1296 790; baseline 0.003 -26"><span class='ocrx_word' id='word_1_20' title='bbox 141 708 175 764; x_wconf 93' lang='lat' dir='ltr'>ut</span> <span class='ocrx_word' id='word_1_21' title='bbox 199 703 284 766; x_wconf 87' lang='lat' dir='ltr'>tollat</span> <span class='ocrx_word' id='word_1_22' title='bbox 305 704 380 767; x_wconf 81' lang='lat' dir='ltr'>istas</span> <span class='ocrx_word' id='word_1_23' title='bbox 402 703 606 783; x_wconf 87' lang='lat' dir='ltr'>difficultates,</span> <span class='ocrx_word' id='word_1_24' title='bbox 631 705 810 767; x_wconf 85' lang='lat' dir='ltr'>discrimine</span> <span class='ocrx_word' id='word_1_25' title='bbox 830 705 910 768; x_wconf 87' lang='lat' dir='ltr'>iuter</span> <span class='ocrx_word' id='word_1_26' title='bbox 929 702 1022 767; x_wconf 77' lang='grc' dir='ltr'>τόπον</span> <span class='ocrx_word' id='word_1_27' title='bbox 1044 704 1147 768; x_wconf 71' lang='lat' dir='ltr'>aurudo</span> <span class='ocrx_word' id='word_1_28' title='bbox 1169 705 1237 790; x_wconf 86' lang='lat' dir='ltr'>(qui</span> <span class='ocrx_word' id='word_1_29' title='bbox 1292 735 1296 742; x_wconf 93' lang='lat'>·</span> 
     </span>
     <span class='ocr_line' id='line_1_5' title="bbox 141 811 1235 895; baseline 0.005 -21"><span class='ocrx_word' id='word_1_30' title='bbox 141 813 285 877; x_wconf 87' lang='lat' dir='ltr'>universa</span> <span class='ocrx_word' id='word_1_31' title='bbox 318 814 523 895; x_wconf 89' lang='lat' dir='ltr'>amplectitur)</span> <span class='ocrx_word' id='word_1_32' title='bbox 564 821 594 877; x_wconf 91' lang='lat' dir='ltr'>et</span> <span class='ocrx_word' id='word_1_33' title='bbox 626 811 721 876; x_wconf 78' lang='grc' dir='ltr'>τόποι</span> <span class='ocrx_word' id='word_1_34' title='bbox 752 811 835 877; x_wconf 77' lang='grc' dir='ltr'>ἴδιον</span> <span class='ocrx_word' id='word_1_35' title='bbox 861 815 1025 895; x_wconf 84' lang='lat' dir='ltr'>(cuiusque</span> <span class='ocrx_word' id='word_1_36' title='bbox 1056 815 1102 878; x_wconf 85' lang='lat' dir='ltr'>rei</span> <span class='ocrx_word' id='word_1_37' title='bbox 1135 815 1235 879; x_wconf 87' lang='lat' dir='ltr'>locum&#39;</span> 
     </span>
     <span class='ocr_line' id='line_1_6' title="bbox 142 923 1238 1004; baseline 0.002 -18"><span class='ocrx_word' id='word_1_38' title='bbox 142 924 313 1004; x_wconf 87' lang='lat' dir='ltr'>proprium)</span> <span class='ocrx_word' id='word_1_39' title='bbox 337 924 534 1004; x_wconf 88' lang='lat' dir='ltr'>interposito,</span> <span class='ocrx_word' id='word_1_40' title='bbox 566 943 602 987; x_wconf 84' lang='lat' dir='ltr'>ea</span> <span class='ocrx_word' id='word_1_41' title='bbox 625 924 778 987; x_wconf 86' lang='lat' dir='ltr'>examinat</span> <span class='ocrx_word' id='word_1_42' title='bbox 800 923 990 1004; x_wconf 88' lang='lat' dir='ltr'>resutalque,</span> <span class='ocrx_word' id='word_1_43' title='bbox 1014 941 1091 1004; x_wconf 88' lang='lat' dir='ltr'>quae</span> <span class='ocrx_word' id='word_1_44' title='bbox 1118 924 1155 987; x_wconf 89' lang='lat' dir='ltr'>ad</span> <span class='ocrx_word' id='word_1_45' title='bbox 1179 926 1238 988; x_wconf 84' lang='lat' dir='ltr'>tri-</span> 
     </span>
     <span class='ocr_line' id='line_1_7' title="bbox 141 1032 1236 1120; baseline 0.004 -27"><span class='ocrx_word' id='word_1_46' title='bbox 141 1032 295 1095; x_wconf 89' lang='lat' dir='ltr'>buendam</span> <span class='ocrx_word' id='word_1_47' title='bbox 317 1033 387 1097; x_wconf 92' lang='lat' dir='ltr'>loco</span> <span class='ocrx_word' id='word_1_48' title='bbox 409 1033 459 1096; x_wconf 87' lang='lat' dir='ltr'>vel</span> <span class='ocrx_word' id='word_1_49' title='bbox 483 1034 641 1096; x_wconf 89' lang='lat' dir='ltr'>materiam</span> <span class='ocrx_word' id='word_1_50' title='bbox 664 1033 713 1094; x_wconf 89' lang='lat' dir='ltr'>vel</span> <span class='ocrx_word' id='word_1_51' title='bbox 736 1033 864 1095; x_wconf 89' lang='lat' dir='ltr'>sormam</span> <span class='ocrx_word' id='word_1_52' title='bbox 888 1032 1065 1120; x_wconf 78' lang='lat' dir='ltr'>afferuntur.</span> <span class='ocrx_word' id='word_1_53' title='bbox 1109 1033 1236 1098; x_wconf 86' lang='lat' dir='ltr'>Videtur</span> 
     </span>
     <span class='ocr_line' id='line_1_8' title="bbox 143 1140 1237 1223; baseline 0.004 -22"><span class='ocrx_word' id='word_1_54' title='bbox 143 1141 224 1202; x_wconf 91' lang='lat' dir='ltr'>euim</span> <span class='ocrx_word' id='word_1_55' title='bbox 258 1140 344 1223; x_wconf 88' lang='lat' dir='ltr'>locus</span> <span class='ocrx_word' id='word_1_56' title='bbox 378 1142 459 1205; x_wconf 90' lang='lat' dir='ltr'>idem</span> <span class='ocrx_word' id='word_1_57' title='bbox 493 1159 563 1205; x_wconf 86' lang='lat' dir='ltr'>csse</span> <span class='ocrx_word' id='word_1_58' title='bbox 588 1161 625 1204; x_wconf 88' lang='lat' dir='ltr'>ao</span> <span class='ocrx_word' id='word_1_59' title='bbox 656 1142 753 1205; x_wconf 81' lang='lat' dir='ltr'>souma</span> <span class='ocrx_word' id='word_1_60' title='bbox 784 1141 942 1223; x_wconf 79' lang='lat' dir='ltr'>corporiS‚</span> <span class='ocrx_word' id='word_1_61' title='bbox 976 1142 1046 1223; x_wconf 89' lang='lat' dir='ltr'>quia</span> <span class='ocrx_word' id='word_1_62' title='bbox 1075 1141 1191 1206; x_wconf 88' lang='lat' dir='ltr'>eisdem</span> <span class='ocrx_word' id='word_1_63' title='bbox 1204 1146 1237 1223; x_wconf 74' lang='lat' dir='ltr'>l)</span> 
     </span>
     <span class='ocr_line' id='line_1_9' title="bbox 87 1251 1237 1333; baseline 0.003 -21"><span class='ocrx_word' id='word_1_64' title='bbox 87 1297 88 1302; x_wconf 18' lang='grc' dir='ltr'>η</span> <span class='ocrx_word' id='word_1_65' title='bbox 140 1257 268 1332; x_wconf 87' lang='lat' dir='ltr'>uterque</span> <span class='ocrx_word' id='word_1_66' title='bbox 290 1252 429 1314; x_wconf 88' lang='lat' dir='ltr'>terminis</span> <span class='ocrx_word' id='word_1_67' title='bbox 451 1251 641 1328; x_wconf 84' lang='lat' dir='ltr'>continetur3</span> <span class='ocrx_word' id='word_1_68' title='bbox 659 1251 787 1314; x_wconf 88' lang='lat' dir='ltr'>materia</span> <span class='ocrx_word' id='word_1_69' title='bbox 811 1258 926 1330; x_wconf 83' lang='lat' dir='ltr'>autam,</span> <span class='ocrx_word' id='word_1_70' title='bbox 952 1252 1033 1332; x_wconf 86' lang='lat' dir='ltr'>quia,</span> <span class='ocrx_word' id='word_1_71' title='bbox 1058 1251 1138 1332; x_wconf 92' lang='lat' dir='ltr'>quod</span> <span class='ocrx_word' id='word_1_72' title='bbox 1161 1270 1237 1333; x_wconf 93' lang='lat' dir='ltr'>pro-</span> 
     </span>
     <span class='ocr_line' id='line_1_10' title="bbox 140 1355 1236 1443; baseline 0.002 -21"><span class='ocrx_word' id='word_1_73' title='bbox 140 1360 239 1440; x_wconf 93' lang='lat' dir='ltr'>prium</span> <span class='ocrx_word' id='word_1_74' title='bbox 261 1367 308 1423; x_wconf 88' lang='lat' dir='ltr'>est</span> <span class='ocrx_word' id='word_1_75' title='bbox 331 1355 409 1443; x_wconf 72' lang='grc' dir='ltr'>ὕλης</span> <span class='ocrx_word' id='word_1_76' title='bbox 425 1365 468 1438; x_wconf 76' lang='lat'>⁵),</span> <span class='ocrx_word' id='word_1_77' title='bbox 492 1379 581 1442; x_wconf 92' lang='lat' dir='ltr'>quam</span> <span class='ocrx_word' id='word_1_78' title='bbox 611 1362 709 1423; x_wconf 90' lang='lat' dir='ltr'>lorma</span> <span class='ocrx_word' id='word_1_79' title='bbox 737 1360 940 1440; x_wconf 70' lang='lat' dir='ltr'>amplectitur,</span> <span class='ocrx_word' id='word_1_80' title='bbox 964 1359 1044 1424; x_wconf 88' lang='lat' dir='ltr'>idem</span> <span class='ocrx_word' id='word_1_81' title='bbox 1077 1361 1107 1423; x_wconf 90' lang='lat' dir='ltr'>iu</span> <span class='ocrx_word' id='word_1_82' title='bbox 1134 1360 1236 1428; x_wconf 81' lang='lat' dir='ltr'>locum</span> 
     </span>
     <span class='ocr_line' id='line_1_11' title="bbox 85 1469 1237 1552; baseline 0.003 -22"><span class='ocrx_word' id='word_1_83' title='bbox 85 1531 89 1541; x_wconf 59' lang='grc'>,,</span> <span class='ocrx_word' id='word_1_84' title='bbox 144 1469 313 1532; x_wconf 88' lang='lat' dir='ltr'>convenire</span> <span class='ocrx_word' id='word_1_85' title='bbox 335 1470 455 1532; x_wconf 87' lang='lat' dir='ltr'>videtur</span> <span class='ocrx_word' id='word_1_86' title='bbox 468 1491 477 1548; x_wconf 92' lang='lat'>;</span> <span class='ocrx_word' id='word_1_87' title='bbox 502 1470 624 1533; x_wconf 87' lang='lat' dir='ltr'>uidetur</span> <span class='ocrx_word' id='word_1_88' title='bbox 647 1471 726 1533; x_wconf 88' lang='lat' dir='ltr'>euim</span> <span class='ocrx_word' id='word_1_89' title='bbox 750 1469 800 1531; x_wconf 92' lang='lat' dir='ltr'>bic</span> <span class='ocrx_word' id='word_1_90' title='bbox 824 1488 893 1532; x_wconf 87' lang='lat' dir='ltr'>esse</span> <span class='ocrx_word' id='word_1_91' title='bbox 916 1469 1060 1533; x_wconf 88' lang='lat' dir='ltr'>distantia</span> <span class='ocrx_word' id='word_1_92' title='bbox 1080 1471 1237 1552; x_wconf 83' lang='lat' dir='ltr'>maguitu-</span> 
     </span>
     <span class='ocr_line' id='line_1_12' title="bbox 143 1573 1236 1663; baseline 0.004 -24"><span class='ocrx_word' id='word_1_93' title='bbox 143 1577 223 1640; x_wconf 81' lang='lat' dir='ltr'>dinis</span> <span class='ocrx_word' id='word_1_94' title='bbox 245 1575 296 1656; x_wconf 85' lang='grc' dir='ltr'>(τὸ</span> <span class='ocrx_word' id='word_1_95' title='bbox 320 1573 479 1662; x_wconf 76' lang='grc' dir='ltr'>διάστημα</span> <span class='ocrx_word' id='word_1_96' title='bbox 506 1581 564 1642; x_wconf 81' lang='grc' dir='ltr'>τοῦ</span> <span class='ocrx_word' id='word_1_97' title='bbox 584 1578 755 1659; x_wconf 76' lang='grc' dir='ltr'>μεγέθους)</span> <span class='ocrx_word' id='word_1_98' title='bbox 784 1579 898 1642; x_wconf 75' lang='lat' dir='ltr'>infinite</span> <span class='ocrx_word' id='word_1_99' title='bbox 920 1579 1043 1642; x_wconf 80' lang='lat' dir='ltr'>dividua</span> <span class='ocrx_word' id='word_1_100' title='bbox 1066 1586 1114 1657; x_wconf 86' lang='lat' dir='ltr'>(ut</span> <span class='ocrx_word' id='word_1_101' title='bbox 1137 1578 1154 1662; x_wconf 78' lang='grc' dir='ltr'><em>ἤ</em></span> <span class='ocrx_word' id='word_1_102' title='bbox 1174 1574 1236 1663; x_wconf 65' lang='grc' dir='ltr'>ἕλη</span> 
     </span>
     <span class='ocr_line' id='line_1_13' title="bbox 142 1682 1237 1770; baseline 0.002 -20"><span class='ocrx_word' id='word_1_103' title='bbox 142 1705 167 1750; x_wconf 90' lang='lat' dir='ltr'>s.</span> <span class='ocrx_word' id='word_1_104' title='bbox 191 1687 235 1770; x_wconf 25' lang='grc' dir='ltr'>τό,</span> <span class='ocrx_word' id='word_1_105' title='bbox 251 1682 426 1768; x_wconf 76' lang='grc' dir='ltr'>ι’όοισιοο).</span> <span class='ocrx_word' id='word_1_106' title='bbox 470 1689 562 1751; x_wconf 86' lang='lat' dir='ltr'>Cuius</span> <span class='ocrx_word' id='word_1_107' title='bbox 585 1688 755 1750; x_wconf 85' lang='lat' dir='ltr'>sententiae</span> <span class='ocrx_word' id='word_1_108' title='bbox 778 1689 890 1768; x_wconf 88' lang='lat' dir='ltr'>primus</span> <span class='ocrx_word' id='word_1_109' title='bbox 912 1695 1018 1752; x_wconf 84' lang='lat' dir='ltr'>auctor</span> <span class='ocrx_word' id='word_1_110' title='bbox 1038 1688 1122 1751; x_wconf 91' lang='lat' dir='ltr'>Plato</span> <span class='ocrx_word' id='word_1_111' title='bbox 1139 1688 1237 1752; x_wconf 86' lang='lat' dir='ltr'>exsti-</span> 
     </span>
     <span class='ocr_line' id='line_1_14' title="bbox 142 1773 1237 1880; baseline 0.001 -20"><span class='ocrx_word' id='word_1_112' title='bbox 142 1798 187 1875; x_wconf 86' lang='lat' dir='ltr'>tit,</span> <span class='ocrx_word' id='word_1_113' title='bbox 211 1797 261 1878; x_wconf 93' lang='lat' dir='ltr'>qui</span> <span class='ocrx_word' id='word_1_114' title='bbox 283 1797 384 1860; x_wconf 94' lang='lat' dir='ltr'>locum</span> <span class='ocrx_word' id='word_1_115' title='bbox 405 1773 502 1878; x_wconf 80' lang='lat' dir='ltr'>aeque</span> <span class='ocrx_word' id='word_1_116' title='bbox 526 1817 563 1860; x_wconf 86' lang='lat' dir='ltr'>ac</span> <span class='ocrx_word' id='word_1_117' title='bbox 585 1798 741 1860; x_wconf 87' lang='lat' dir='ltr'>materiam</span> <span class='ocrx_word' id='word_1_118' title='bbox 766 1793 819 1876; x_wconf 75' lang='lat' dir='ltr'>„ad</span> <span class='ocrx_word' id='word_1_119' title='bbox 843 1795 1094 1880; x_wconf 56' lang='grc' dir='ltr'>μεταληπτικὸν*</span> <span class='ocrx_word' id='word_1_120' title='bbox 1109 1815 1135 1860; x_wconf 87' lang='lat' dir='ltr'>s.</span> <span class='ocrx_word' id='word_1_121' title='bbox 1157 1821 1237 1878; x_wconf 78' lang='lat' dir='ltr'>„pa-</span> 
     </span>
     <span class='ocr_line' id='line_1_15' title="bbox 143 1903 1234 1990; baseline 0.002 -22"><span class='ocrx_word' id='word_1_122' title='bbox 143 1903 307 1975; x_wconf 68' lang='grc' dir='ltr'>θειιτιιιόιιιι</span> <span class='ocrx_word' id='word_1_123' title='bbox 329 1907 360 1968; x_wconf 85' lang='lat' dir='ltr'>ln</span> <span class='ocrx_word' id='word_1_124' title='bbox 382 1906 518 1986; x_wconf 86' lang='lat' dir='ltr'>Timae0‚</span> <span class='ocrx_word' id='word_1_125' title='bbox 545 1907 577 1968; x_wconf 92' lang='lat' dir='ltr'>iu</span> <span class='ocrx_word' id='word_1_126' title='bbox 598 1905 755 1989; x_wconf 71' lang='grc' dir='ltr'>ἀγράφοις</span> <span class='ocrx_word' id='word_1_127' title='bbox 777 1913 876 1968; x_wconf 82' lang='lat' dir='ltr'>aulem</span> <span class='ocrx_word' id='word_1_128' title='bbox 900 1903 1035 1988; x_wconf 75' lang='grc' dir='ltr'><strong><em>δόγμασι</em></strong></span> <span class='ocrx_word' id='word_1_129' title='bbox 1057 1905 1111 1990; x_wconf 78' lang='lat' dir='ltr'>„cd</span> <span class='ocrx_word' id='word_1_130' title='bbox 1135 1930 1234 1989; x_wconf 80' lang='grc' dir='ltr'><em>μεγα·</em></span> 
     </span>
     <span class='ocr_line' id='line_1_16' title="bbox 142 2011 1237 2098; baseline 0.005 -22"><span class='ocrx_word' id='word_1_131' title='bbox 142 2011 197 2076; x_wconf 82' lang='grc' dir='ltr'>λὸι</span> <span class='ocrx_word' id='word_1_132' title='bbox 221 2012 276 2077; x_wconf 74' lang='grc' dir='ltr'>καί</span> <span class='ocrx_word' id='word_1_133' title='bbox 296 2013 431 2096; x_wconf 51' lang='grc' dir='ltr'>μικρὸν·</span> <span class='ocrx_word' id='word_1_134' title='bbox 456 2033 526 2080; x_wconf 90' lang='lat' dir='ltr'>esse</span> <span class='ocrx_word' id='word_1_135' title='bbox 549 2016 690 2078; x_wconf 91' lang='lat' dir='ltr'>asseruit.</span> <span class='ocrx_word' id='word_1_136' title='bbox 735 2015 826 2096; x_wconf 81' lang='lat' dir='ltr'>Atqui</span> <span class='ocrx_word' id='word_1_137' title='bbox 849 2023 1027 2098; x_wconf 82' lang='lat' dir='ltr'>argumeula</span> <span class='ocrx_word' id='word_1_138' title='bbox 1053 2017 1145 2080; x_wconf 94' lang='lat' dir='ltr'>modo</span> <span class='ocrx_word' id='word_1_139' title='bbox 1167 2017 1237 2081; x_wconf 90' lang='lat' dir='ltr'>lau-</span> 
     </span>
     <span class='ocr_line' id='line_1_17' title="bbox 144 2123 1235 2208; baseline 0.005 -23"><span class='ocrx_word' id='word_1_140' title='bbox 144 2123 213 2186; x_wconf 86' lang='lat' dir='ltr'>data</span> <span class='ocrx_word' id='word_1_141' title='bbox 247 2123 360 2186; x_wconf 88' lang='lat' dir='ltr'>babent</span> <span class='ocrx_word' id='word_1_142' title='bbox 388 2131 502 2186; x_wconf 91' lang='lat' dir='ltr'>tautum</span> <span class='ocrx_word' id='word_1_143' title='bbox 533 2125 667 2205; x_wconf 89' lang='lat' dir='ltr'>speciem</span> <span class='ocrx_word' id='word_1_144' title='bbox 704 2144 763 2188; x_wconf 84' lang='lat' dir='ltr'>uec</span> <span class='ocrx_word' id='word_1_145' title='bbox 796 2125 861 2206; x_wconf 91' lang='lat' dir='ltr'>plus</span> <span class='ocrx_word' id='word_1_146' title='bbox 895 2127 1055 2208; x_wconf 90' lang='lat' dir='ltr'>quicquam</span> <span class='ocrx_word' id='word_1_147' title='bbox 1087 2127 1235 2190; x_wconf 85' lang='lat' dir='ltr'>veritatis.</span> 
     </span>
     <span class='ocr_line' id='line_1_18' title="bbox 142 2233 1238 2316; baseline 0.005 -20"><span class='ocrx_word' id='word_1_148' title='bbox 142 2233 268 2296; x_wconf 89' lang='lat' dir='ltr'>Praesto</span> <span class='ocrx_word' id='word_1_149' title='bbox 297 2240 368 2296; x_wconf 90' lang='lat' dir='ltr'>sunt</span> <span class='ocrx_word' id='word_1_150' title='bbox 390 2235 469 2298; x_wconf 87' lang='lat' dir='ltr'>euim</span> <span class='ocrx_word' id='word_1_151' title='bbox 500 2235 631 2316; x_wconf 85' lang='lat' dir='ltr'>aliquam</span> <span class='ocrx_word' id='word_1_152' title='bbox 655 2235 765 2314; x_wconf 89' lang='lat' dir='ltr'>multa,</span> <span class='ocrx_word' id='word_1_153' title='bbox 790 2251 807 2296; x_wconf 91' lang='lat' dir='ltr'>e</span> <span class='ocrx_word' id='word_1_154' title='bbox 831 2235 938 2316; x_wconf 93' lang='lat' dir='ltr'>quibus</span> <span class='ocrx_word' id='word_1_155' title='bbox 959 2235 1061 2298; x_wconf 90' lang='lat' dir='ltr'>locum</span> <span class='ocrx_word' id='word_1_156' title='bbox 1084 2255 1142 2298; x_wconf 89' lang='lat' dir='ltr'>nec</span> <span class='ocrx_word' id='word_1_157' title='bbox 1171 2236 1238 2301; x_wconf 89' lang='lat' dir='ltr'>sor-</span> 
     </span>
     <span class='ocr_line' id='line_1_19' title="bbox 142 2343 818 2424; baseline 0.004 -21"><span class='ocrx_word' id='word_1_158' title='bbox 142 2359 220 2405; x_wconf 91' lang='lat' dir='ltr'>mam</span> <span class='ocrx_word' id='word_1_159' title='bbox 245 2361 315 2406; x_wconf 90' lang='lat' dir='ltr'>esse</span> <span class='ocrx_word' id='word_1_160' title='bbox 335 2361 393 2406; x_wconf 90' lang='lat' dir='ltr'>uec</span> <span class='ocrx_word' id='word_1_161' title='bbox 417 2344 574 2406; x_wconf 85' lang='lat' dir='ltr'>materiam</span> <span class='ocrx_word' id='word_1_162' title='bbox 596 2343 700 2424; x_wconf 89' lang='lat' dir='ltr'>liquet.</span> <span class='ocrx_word' id='word_1_163' title='bbox 745 2345 818 2406; x_wconf 91' lang='lat' dir='ltr'>Nam</span> 
     </span>
    </p>

    <p class='ocr_par' dir='ltr' id='par_1_3' title="bbox 88 2453 1237 3190">
     <span class='ocr_line' id='line_1_20' title="bbox 203 2453 1235 2534; baseline 0.005 -23"><span class='ocrx_word' id='word_1_164' title='bbox 203 2461 238 2530; x_wconf 86' lang='lat' dir='ltr'>a)</span> <span class='ocrx_word' id='word_1_165' title='bbox 260 2459 367 2515; x_wconf 86' lang='lat' dir='ltr'>neutra</span> <span class='ocrx_word' id='word_1_166' title='bbox 391 2472 495 2516; x_wconf 88' lang='lat' dir='ltr'>earum</span> <span class='ocrx_word' id='word_1_167' title='bbox 514 2472 531 2515; x_wconf 91' lang='lat' dir='ltr'>a</span> <span class='ocrx_word' id='word_1_168' title='bbox 553 2472 588 2516; x_wconf 89' lang='lat' dir='ltr'>re</span> <span class='ocrx_word' id='word_1_169' title='bbox 609 2453 743 2534; x_wconf 85' lang='lat' dir='ltr'>disiungi</span> <span class='ocrx_word' id='word_1_170' title='bbox 765 2459 875 2533; x_wconf 88' lang='lat' dir='ltr'>potest,</span> <span class='ocrx_word' id='word_1_171' title='bbox 895 2457 996 2533; x_wconf 90' lang='lat' dir='ltr'>potest</span> <span class='ocrx_word' id='word_1_172' title='bbox 1018 2459 1117 2516; x_wconf 90' lang='lat' dir='ltr'>aulem</span> <span class='ocrx_word' id='word_1_173' title='bbox 1137 2453 1235 2532; x_wconf 89' lang='lat' dir='ltr'>locus,</span> 
     </span>
     <span class='ocr_line' id='line_1_21' title="bbox 132 2559 1236 2643; baseline 0.004 -23"><span class='ocrx_word' id='word_1_174' title='bbox 132 2559 251 2640; x_wconf 84' lang='lat' dir='ltr'>&#39;quippe</span> <span class='ocrx_word' id='word_1_175' title='bbox 275 2561 305 2622; x_wconf 91' lang='lat' dir='ltr'>iu</span> <span class='ocrx_word' id='word_1_176' title='bbox 328 2579 416 2642; x_wconf 93' lang='lat' dir='ltr'>quem</span> <span class='ocrx_word' id='word_1_177' title='bbox 438 2569 579 2643; x_wconf 87' lang='lat' dir='ltr'>tauquam</span> <span class='ocrx_word' id='word_1_178' title='bbox 605 2563 637 2623; x_wconf 89' lang='lat' dir='ltr'>ln</span> <span class='ocrx_word' id='word_1_179' title='bbox 659 2579 714 2624; x_wconf 91' lang='lat' dir='ltr'>vas</span> <span class='ocrx_word' id='word_1_180' title='bbox 737 2561 858 2642; x_wconf 82' lang='lat' dir='ltr'>aliquod</span> <span class='ocrx_word' id='word_1_181' title='bbox 881 2563 947 2637; x_wconf 90' lang='lat' dir='ltr'>(cul</span> <span class='ocrx_word' id='word_1_182' title='bbox 969 2561 1153 2625; x_wconf 86' lang='lat' dir='ltr'>Aristoteles</span> <span class='ocrx_word' id='word_1_183' title='bbox 1176 2579 1236 2624; x_wconf 89' lang='lat' dir='ltr'>uo-</span> 
     </span>
     <span class='ocr_line' id='line_1_22' title="bbox 141 2665 1237 2754; baseline 0.002 -23"><span class='ocrx_word' id='word_1_184' title='bbox 141 2669 255 2733; x_wconf 89' lang='lat' dir='ltr'>tiouem</span> <span class='ocrx_word' id='word_1_185' title='bbox 282 2671 344 2735; x_wconf 91' lang='lat' dir='ltr'>loci</span> <span class='ocrx_word' id='word_1_186' title='bbox 373 2672 514 2751; x_wconf 89' lang='lat' dir='ltr'>mobilis,</span> <span class='ocrx_word' id='word_1_187' title='bbox 542 2665 639 2734; x_wconf 77' lang='grc' dir='ltr'>τόπου</span> <span class='ocrx_word' id='word_1_188' title='bbox 660 2672 903 2754; x_wconf 66' lang='grc' dir='ltr'>ιιιιοιφορηιοῦ,</span> <span class='ocrx_word' id='word_1_189' title='bbox 932 2671 1046 2749; x_wconf 86' lang='lat' dir='ltr'>inlicit)</span> <span class='ocrx_word' id='word_1_190' title='bbox 1069 2670 1237 2734; x_wconf 87' lang='lat' dir='ltr'>succedant</span> 
     </span>
     <span class='ocr_line' id='line_1_23' title="bbox 144 2775 1235 2860; baseline 0.003 -19"><span class='ocrx_word' id='word_1_191' title='bbox 144 2797 290 2860; x_wconf 82' lang='lat' dir='ltr'>corpora3</span> <span class='ocrx_word' id='word_1_192' title='bbox 320 2781 402 2844; x_wconf 90' lang='lat' dir='ltr'>uude</span> <span class='ocrx_word' id='word_1_193' title='bbox 418 2775 486 2844; x_wconf 65' lang='lat' dir='ltr'>&#39;non</span> <span class='ocrx_word' id='word_1_194' title='bbox 511 2782 609 2844; x_wconf 93' lang='lat' dir='ltr'>solum</span> <span class='ocrx_word' id='word_1_195' title='bbox 632 2801 691 2844; x_wconf 87' lang='lat' dir='ltr'>uec</span> <span class='ocrx_word' id='word_1_196' title='bbox 715 2780 812 2844; x_wconf 82' lang='lat' dir='ltr'>forma</span> <span class='ocrx_word' id='word_1_197' title='bbox 835 2787 881 2844; x_wconf 88' lang='lat' dir='ltr'>est</span> <span class='ocrx_word' id='word_1_198' title='bbox 907 2799 965 2845; x_wconf 89' lang='lat' dir='ltr'>nec</span> <span class='ocrx_word' id='word_1_199' title='bbox 988 2781 1114 2844; x_wconf 89' lang='lat' dir='ltr'>materia</span> <span class='ocrx_word' id='word_1_200' title='bbox 1136 2781 1235 2860; x_wconf 85' lang='lat' dir='ltr'>locus,</span> 
     </span>
     <span class='ocr_line' id='line_1_24' title="bbox 143 2882 1237 2972; baseline 0 -22"><span class='ocrx_word' id='word_1_201' title='bbox 143 2888 198 2950; x_wconf 89' lang='lat' dir='ltr'>sed</span> <span class='ocrx_word' id='word_1_202' title='bbox 220 2907 260 2948; x_wconf 92' lang='lat' dir='ltr'>ue</span> <span class='ocrx_word' id='word_1_203' title='bbox 288 2905 360 2967; x_wconf 86' lang='lat' dir='ltr'>pars</span> <span class='ocrx_word' id='word_1_204' title='bbox 391 2890 511 2970; x_wconf 87' lang='lat' dir='ltr'>quidem</span> <span class='ocrx_word' id='word_1_205' title='bbox 540 2891 702 2954; x_wconf 86' lang='lat' dir='ltr'>habitusve</span> <span class='ocrx_word' id='word_1_206' title='bbox 733 2891 872 2970; x_wconf 86' lang='lat' dir='ltr'>corporis</span> <span class='ocrx_word' id='word_1_207' title='bbox 907 2882 995 2964; x_wconf 76' lang='grc' dir='ltr'>(οὔτε</span> <span class='ocrx_word' id='word_1_208' title='bbox 1021 2886 1134 2972; x_wconf 79' lang='grc' dir='ltr'>μόριον</span> <span class='ocrx_word' id='word_1_209' title='bbox 1163 2882 1237 2952; x_wconf 77' lang='grc' dir='ltr'>οὔτε</span> 
     </span>
     <span class='ocr_line' id='line_1_25' title="bbox 143 2996 1237 3077; baseline 0 -20"><span class='ocrx_word' id='word_1_210' title='bbox 143 2996 222 3070; x_wconf 73' lang='grc' dir='ltr'>ἕξις)</span> <span class='ocrx_word' id='word_1_211' title='bbox 240 3001 290 3056; x_wconf 91' lang='lat' dir='ltr'>aut</span> <span class='ocrx_word' id='word_1_212' title='bbox 303 2996 454 3075; x_wconf 88' lang='lat' dir='ltr'>quippiam</span> <span class='ocrx_word' id='word_1_213' title='bbox 470 2998 607 3074; x_wconf 86' lang='lat' dir='ltr'>omuino,</span> <span class='ocrx_word' id='word_1_214' title='bbox 627 2999 708 3077; x_wconf 94' lang='lat' dir='ltr'>quod</span> <span class='ocrx_word' id='word_1_215' title='bbox 729 2999 832 3060; x_wconf 89' lang='lat' dir='ltr'>divelli</span> <span class='ocrx_word' id='word_1_216' title='bbox 852 3017 869 3060; x_wconf 86' lang='lat' dir='ltr'>a</span> <span class='ocrx_word' id='word_1_217' title='bbox 887 2998 1069 3076; x_wconf 88' lang='lat' dir='ltr'>corporibus</span> <span class='ocrx_word' id='word_1_218' title='bbox 1090 3002 1221 3077; x_wconf 80' lang='lat' dir='ltr'>nequeat</span> <span class='ocrx_word' id='word_1_219' title='bbox 1228 3018 1237 3074; x_wconf 85' lang='lat'>3</span> 
     </span>
     <span class='ocr_line' id='line_1_26' title="bbox 88 3103 1236 3190; baseline 0.004 -25"><span class='ocrx_word' id='word_1_220' title='bbox 88 3187 89 3190; x_wconf 8' lang='grc' dir='ltr'><strong>Ἴ</strong></span> <span class='ocrx_word' id='word_1_221' title='bbox 204 3103 238 3182; x_wconf 85' lang='lat' dir='ltr'>b)</span> <span class='ocrx_word' id='word_1_222' title='bbox 262 3105 332 3167; x_wconf 94' lang='lat' dir='ltr'>dum</span> <span class='ocrx_word' id='word_1_223' title='bbox 355 3122 448 3185; x_wconf 89' lang='lat' dir='ltr'>porro</span> <span class='ocrx_word' id='word_1_224' title='bbox 473 3105 571 3168; x_wconf 90' lang='lat' dir='ltr'>sorma</span> <span class='ocrx_word' id='word_1_225' title='bbox 595 3106 781 3186; x_wconf 88' lang='lat' dir='ltr'>materiaque</span> <span class='ocrx_word' id='word_1_226' title='bbox 803 3124 870 3168; x_wconf 91' lang='lat' dir='ltr'>cum</span> <span class='ocrx_word' id='word_1_227' title='bbox 894 3123 1025 3187; x_wconf 84' lang='lat' dir='ltr'>corpore</span> <span class='ocrx_word' id='word_1_228' title='bbox 1046 3113 1097 3169; x_wconf 90' lang='lat' dir='ltr'>aut</span> <span class='ocrx_word' id='word_1_229' title='bbox 1116 3124 1236 3170; x_wconf 91' lang='lat' dir='ltr'>sursum</span> 
     </span>
    </p>

    <p class='ocr_par' dir='ltr' id='par_1_4' title="bbox 140 3215 1237 3516">
     <span class='ocr_line' id='line_1_27' title="bbox 141 3215 1236 3298; baseline 0.003 -22"><span class='ocrx_word' id='word_1_230' title='bbox 141 3220 192 3296; x_wconf 88' lang='lat' dir='ltr'>aut</span> <span class='ocrx_word' id='word_1_231' title='bbox 215 3215 357 3278; x_wconf 89' lang='lat' dir='ltr'>deorsum</span> <span class='ocrx_word' id='word_1_232' title='bbox 379 3221 550 3294; x_wconf 85' lang='lat' dir='ltr'>moventur,</span> <span class='ocrx_word' id='word_1_233' title='bbox 574 3216 660 3279; x_wconf 93' lang='lat' dir='ltr'>locus</span> <span class='ocrx_word' id='word_1_234' title='bbox 681 3217 821 3279; x_wconf 86' lang='lat' dir='ltr'>immotus</span> <span class='ocrx_word' id='word_1_235' title='bbox 844 3223 1000 3295; x_wconf 86' lang='lat' dir='ltr'>remanet,</span> <span class='ocrx_word' id='word_1_236' title='bbox 1027 3217 1186 3298; x_wconf 83' lang='lat' dir='ltr'>quomam,</span> <span class='ocrx_word' id='word_1_237' title='bbox 1208 3217 1236 3280; x_wconf 90' lang='lat' dir='ltr'>si</span> 
     </span>
     <span class='ocr_line' id='line_1_28' title="bbox 140 3323 1237 3407; baseline 0.004 -23"><span class='ocrx_word' id='word_1_238' title='bbox 140 3323 191 3385; x_wconf 89' lang='lat' dir='ltr'>hio</span> <span class='ocrx_word' id='word_1_239' title='bbox 215 3325 333 3388; x_wconf 83' lang='lat' dir='ltr'>formae</span> <span class='ocrx_word' id='word_1_240' title='bbox 358 3325 565 3407; x_wconf 84' lang='lat' dir='ltr'>materiaeque</span> <span class='ocrx_word' id='word_1_241' title='bbox 587 3327 685 3389; x_wconf 87' lang='lat' dir='ltr'>instar</span> <span class='ocrx_word' id='word_1_242' title='bbox 706 3326 764 3407; x_wconf 90' lang='lat' dir='ltr'>ipsi</span> <span class='ocrx_word' id='word_1_243' title='bbox 786 3326 904 3390; x_wconf 84' lang='lat' dir='ltr'>inesset</span> <span class='ocrx_word' id='word_1_244' title='bbox 923 3333 1094 3390; x_wconf 85' lang='lat' dir='ltr'>commotae</span> <span class='ocrx_word' id='word_1_245' title='bbox 1115 3327 1182 3405; x_wconf 81' lang='lat' dir='ltr'>rei,</span> <span class='ocrx_word' id='word_1_246' title='bbox 1207 3327 1237 3388; x_wconf 92' lang='lat' dir='ltr'>iu</span> 
     </span>
     <span class='ocr_line' id='line_1_29' title="bbox 143 3433 1235 3516; baseline 0.002 -22"><span class='ocrx_word' id='word_1_247' title='bbox 143 3433 214 3496; x_wconf 93' lang='lat' dir='ltr'>loco</span> <span class='ocrx_word' id='word_1_248' title='bbox 238 3434 325 3496; x_wconf 91' lang='lat' dir='ltr'>locus</span> <span class='ocrx_word' id='word_1_249' title='bbox 349 3435 443 3513; x_wconf 88' lang='lat' dir='ltr'>soret;</span> <span class='ocrx_word' id='word_1_250' title='bbox 467 3453 526 3516; x_wconf 95' lang='lat' dir='ltr'>quo</span> <span class='ocrx_word' id='word_1_251' title='bbox 550 3436 712 3500; x_wconf 89' lang='lat' dir='ltr'>absurdius</span> <span class='ocrx_word' id='word_1_252' title='bbox 735 3437 809 3500; x_wconf 89' lang='lat' dir='ltr'>nibil</span> <span class='ocrx_word' id='word_1_253' title='bbox 831 3437 923 3500; x_wconf 89' lang='lat' dir='ltr'>menti</span> <span class='ocrx_word' id='word_1_254' title='bbox 944 3441 1044 3516; x_wconf 89' lang='lat' dir='ltr'>polest</span> <span class='ocrx_word' id='word_1_255' title='bbox 1060 3436 1219 3497; x_wconf 78' lang='lat' dir='ltr'>informari</span> <span class='ocrx_word' id='word_1_256' title='bbox 1226 3454 1235 3510; x_wconf 83' lang='lat'>3</span> 
     </span>
    </p>

    <p class='ocr_par' dir='ltr' id='par_1_5' title="bbox 140 3533 1238 3736">
     <span class='ocr_line' id='line_1_30' title="bbox 208 3533 1237 3626; baseline 0.005 -22"><span class='ocrx_word' id='word_1_257' title='bbox 208 3553 239 3623; x_wconf 84' lang='lat' dir='ltr'>c)</span> <span class='ocrx_word' id='word_1_258' title='bbox 262 3550 446 3623; x_wconf 85' lang='lat' dir='ltr'>postremum</span> <span class='ocrx_word' id='word_1_259' title='bbox 470 3543 601 3626; x_wconf 87' lang='lat' dir='ltr'>denique</span> <span class='ocrx_word' id='word_1_260' title='bbox 625 3546 728 3625; x_wconf 86' lang='lat' dir='ltr'>locus,</span> <span class='ocrx_word' id='word_1_261' title='bbox 752 3548 778 3609; x_wconf 92' lang='lat' dir='ltr'>si</span> <span class='ocrx_word' id='word_1_262' title='bbox 801 3551 851 3609; x_wconf 89' lang='lat' dir='ltr'>aut</span> <span class='ocrx_word' id='word_1_263' title='bbox 873 3547 970 3609; x_wconf 84' lang='lat' dir='ltr'>forma</span> <span class='ocrx_word' id='word_1_264' title='bbox 992 3533 1074 3608; x_wconf 85' lang='lat' dir='ltr'>esset</span> <span class='ocrx_word' id='word_1_265' title='bbox 1097 3550 1148 3607; x_wconf 86' lang='lat' dir='ltr'>aut</span> <span class='ocrx_word' id='word_1_266' title='bbox 1170 3564 1237 3609; x_wconf 89' lang='lat' dir='ltr'>ma-</span> 
     </span>
     <span class='ocr_line' id='line_1_31' title="bbox 140 3652 1238 3736; baseline 0.005 -23"><span class='ocrx_word' id='word_1_267' title='bbox 140 3652 233 3730; x_wconf 87' lang='lat' dir='ltr'>teria,</span> <span class='ocrx_word' id='word_1_268' title='bbox 261 3671 320 3714; x_wconf 91' lang='lat' dir='ltr'>uua</span> <span class='ocrx_word' id='word_1_269' title='bbox 345 3672 412 3716; x_wconf 92' lang='lat' dir='ltr'>cum</span> <span class='ocrx_word' id='word_1_270' title='bbox 435 3657 507 3717; x_wconf 80' lang='lat' dir='ltr'>adre</span> <span class='ocrx_word' id='word_1_271' title='bbox 529 3655 559 3716; x_wconf 91' lang='lat' dir='ltr'>in</span> <span class='ocrx_word' id='word_1_272' title='bbox 583 3673 691 3736; x_wconf 86' lang='lat' dir='ltr'>aquam</span> <span class='ocrx_word' id='word_1_273' title='bbox 719 3662 903 3719; x_wconf 92' lang='lat' dir='ltr'>commutato</span> <span class='ocrx_word' id='word_1_274' title='bbox 924 3655 1040 3736; x_wconf 88' lang='lat' dir='ltr'>periret</span> <span class='ocrx_word' id='word_1_275' title='bbox 1069 3655 1118 3718; x_wconf 87' lang='lat' dir='ltr'>vel</span> <span class='ocrx_word' id='word_1_276' title='bbox 1138 3661 1238 3719; x_wconf 88' lang='lat' dir='ltr'>muta·</span> 
     </span>
    </p>
   </div>
   <div class='ocr_carea' id='block_1_3' title="bbox 16 3762 1134 3848">
    <p class='ocr_par' dir='ltr' id='par_1_6' title="bbox 16 3762 1134 3848">
     <span class='ocr_line' id='line_1_32' title="bbox 16 3762 1134 3848; baseline 0.004 -25"><span class='ocrx_word' id='word_1_277' title='bbox 16 3805 17 3812; x_wconf 30' lang='lat' dir='ltr'>t</span> <span class='ocrx_word' id='word_1_278' title='bbox 56 3781 57 3784; x_wconf 44' lang='lat'>¹</span> <span class='ocrx_word' id='word_1_279' title='bbox 141 3768 235 3840; x_wconf 84' lang='lat' dir='ltr'>retur,</span> <span class='ocrx_word' id='word_1_280' title='bbox 258 3762 290 3824; x_wconf 93' lang='lat' dir='ltr'>id</span> <span class='ocrx_word' id='word_1_281' title='bbox 313 3763 393 3844; x_wconf 93' lang='lat' dir='ltr'>quod</span> <span class='ocrx_word' id='word_1_282' title='bbox 414 3783 431 3826; x_wconf 91' lang='lat' dir='ltr'>a</span> <span class='ocrx_word' id='word_1_283' title='bbox 453 3765 514 3827; x_wconf 91' lang='lat' dir='ltr'>loci</span> <span class='ocrx_word' id='word_1_284' title='bbox 538 3765 642 3829; x_wconf 87' lang='lat' dir='ltr'>indole</span> <span class='ocrx_word' id='word_1_285' title='bbox 663 3773 696 3829; x_wconf 96' lang='lat' dir='ltr'>ut</span> <span class='ocrx_word' id='word_1_286' title='bbox 718 3765 799 3848; x_wconf 92' lang='lat' dir='ltr'>quod</span> <span class='ocrx_word' id='word_1_287' title='bbox 824 3765 954 3829; x_wconf 89' lang='lat' dir='ltr'>maxime</span> <span class='ocrx_word' id='word_1_288' title='bbox 979 3765 1134 3828; x_wconf 86' lang='lat' dir='ltr'>abhorret.</span> 
     </span>
    </p>
   </div>
   <div class='ocr_carea' id='block_1_4' title="bbox 90 3933 1239 4396">
    <p class='ocr_par' dir='ltr' id='par_1_7' title="bbox 140 3933 1239 4204">
     <span class='ocr_line' id='line_1_33' title="bbox 240 3933 1234 4012; baseline 0.002 -23"><span class='ocrx_word' id='word_1_289' title='bbox 240 3941 270 4009; x_wconf 79' lang='grc'>4)</span> <span class='ocrx_word' id='word_1_290' title='bbox 289 3937 354 3990; x_wconf 90' lang='lat' dir='ltr'>lbid.</span> <span class='ocrx_word' id='word_1_291' title='bbox 374 3939 407 3991; x_wconf 77' lang='lat'>2:</span> <span class='ocrx_word' id='word_1_292' title='bbox 435 3937 450 3992; x_wconf 89' lang='grc' dir='ltr'>ὁ</span> <span class='ocrx_word' id='word_1_293' title='bbox 471 3939 557 3999; x_wconf 79' lang='grc' dir='ltr'>τόπος</span> <span class='ocrx_word' id='word_1_294' title='bbox 584 3937 642 3994; x_wconf 78' lang='lat' dir='ltr'>dori</span> <span class='ocrx_word' id='word_1_295' title='bbox 666 3933 828 4012; x_wconf 74' lang='grc' dir='ltr'>τὸπρῶτον</span> <span class='ocrx_word' id='word_1_296' title='bbox 850 3933 1065 4011; x_wconf 66' lang='grc' dir='ltr'>περιέχον”ἰὀἷν</span> <span class='ocrx_word' id='word_1_297' title='bbox 1084 3937 1234 4011; x_wconf 68' lang='lat' dir='ltr'>‘cupidior&#39;</span> 
     </span>
     <span class='ocr_line' id='line_1_34' title="bbox 141 4027 1239 4110; baseline -0.005 -20"><span class='ocrx_word' id='word_1_298' title='bbox 141 4035 260 4092; x_wconf 72' lang='grc' dir='ltr'>ἕκαστον</span> <span class='ocrx_word' id='word_1_299' title='bbox 280 4051 300 4087; x_wconf 79' lang='lat' dir='ltr'>a.</span> <span class='ocrx_word' id='word_1_300' title='bbox 325 4041 414 4104; x_wconf 78' lang='grc' dir='ltr'><strong><em>πέρας</em></strong></span> <span class='ocrx_word' id='word_1_301' title='bbox 434 4055 468 4088; x_wconf 77' lang='grc' dir='ltr'>τι.</span> <span class='ocrx_word' id='word_1_302' title='bbox 507 4031 601 4086; x_wconf 78' lang='lat' dir='ltr'>Forma</span> <span class='ocrx_word' id='word_1_303' title='bbox 619 4035 645 4087; x_wconf 89' lang='lat' dir='ltr'>id</span> <span class='ocrx_word' id='word_1_304' title='bbox 669 4045 725 4101; x_wconf 80' lang='lat' dir='ltr'>cst,</span> <span class='ocrx_word' id='word_1_305' title='bbox 757 4027 779 4110; x_wconf 79' lang='grc' dir='ltr'><em>ᾦ</em></span> <span class='ocrx_word' id='word_1_306' title='bbox 805 4035 928 4108; x_wconf 77' lang='grc' dir='ltr'>ὁρίζεται</span> <span class='ocrx_word' id='word_1_307' title='bbox 946 4033 977 4090; x_wconf 75' lang='grc' dir='ltr'>τὸ</span> <span class='ocrx_word' id='word_1_308' title='bbox 1003 4040 1124 4108; x_wconf 70' lang='grc' dir='ltr'>μέγεθος</span> <span class='ocrx_word' id='word_1_309' title='bbox 1148 4038 1195 4086; x_wconf 76' lang='grc' dir='ltr'>καὶ</span> <span class='ocrx_word' id='word_1_310' title='bbox 1218 4033 1239 4097; x_wconf 82' lang='lat' dir='ltr'>q‘</span> 
     </span>
     <span class='ocr_line' id='line_1_35' title="bbox 140 4129 459 4204; baseline -0.009 -19"><span class='ocrx_word' id='word_1_311' title='bbox 140 4129 188 4196; x_wconf 63' lang='lat' dir='ltr'>dra</span> <span class='ocrx_word' id='word_1_312' title='bbox 207 4131 222 4198; x_wconf 77' lang='grc' dir='ltr'><em>ἡ</em></span> <span class='ocrx_word' id='word_1_313' title='bbox 241 4135 294 4184; x_wconf 80' lang='lat' dir='ltr'>rod</span> <span class='ocrx_word' id='word_1_314' title='bbox 311 4135 459 4204; x_wconf 67' lang='lat' dir='ltr'>perideus.</span> 
     </span>
    </p>

    <p class='ocr_par' dir='ltr' id='par_1_8' title="bbox 90 4213 1235 4396">
     <span class='ocr_line' id='line_1_36' title="bbox 238 4213 1235 4300; baseline -0.004 -20"><span class='ocrx_word' id='word_1_315' title='bbox 238 4229 265 4298; x_wconf 84' lang='lat'>5)</span> <span class='ocrx_word' id='word_1_316' title='bbox 288 4225 373 4280; x_wconf 82' lang='lat' dir='ltr'>ibid:</span> <span class='ocrx_word' id='word_1_317' title='bbox 399 4223 431 4282; x_wconf 78' lang='grc' dir='ltr'>τὸ</span> <span class='ocrx_word' id='word_1_318' title='bbox 450 4227 658 4300; x_wconf 77' lang='grc' dir='ltr'>περιεχόμενον</span> <span class='ocrx_word' id='word_1_319' title='bbox 677 4225 731 4282; x_wconf 78' lang='grc' dir='ltr'>ὑπὸ</span> <span class='ocrx_word' id='word_1_320' title='bbox 750 4229 800 4282; x_wconf 74' lang='grc' dir='ltr'>τοῦ</span> <span class='ocrx_word' id='word_1_321' title='bbox 814 4229 906 4288; x_wconf 72' lang='grc' dir='ltr'>εἴδους</span> <span class='ocrx_word' id='word_1_322' title='bbox 924 4230 971 4282; x_wconf 78' lang='grc' dir='ltr'>καὶ</span> <span class='ocrx_word' id='word_1_323' title='bbox 990 4224 1150 4296; x_wconf 75' lang='grc' dir='ltr'>ὡρισμένον</span> <span class='ocrx_word' id='word_1_324' title='bbox 1171 4213 1235 4278; x_wconf 80' lang='grc' dir='ltr'>οἷον</span> 
     </span>
     <span class='ocr_line' id='line_1_37' title="bbox 90 4309 568 4396; baseline -0.006 -17"><span class='ocrx_word' id='word_1_325' title='bbox 90 4351 93 4358; x_wconf 67' lang='grc'>’</span> <span class='ocrx_word' id='word_1_326' title='bbox 130 4309 193 4379; x_wconf 76' lang='grc' dir='ltr'>Ιὑπὸ</span> <span class='ocrx_word' id='word_1_327' title='bbox 214 4324 350 4380; x_wconf 65' lang='grc' dir='ltr'>ἐπιπέδου</span> <span class='ocrx_word' id='word_1_328' title='bbox 370 4327 418 4378; x_wconf 77' lang='grc' dir='ltr'>καὶ</span> <span class='ocrx_word' id='word_1_329' title='bbox 438 4328 568 4396; x_wconf 72' lang='grc' dir='ltr'>πέρατος.</span> 
     </span>
    </p>
   </div>
   <div class='ocr_carea' id='block_1_5' title="bbox 0 0 1460 4698">
    <p class='ocr_par' dir='ltr' id='par_1_9' title="bbox 0 0 1460 4698">
     <span class='ocr_line' id='line_1_38' title="bbox 0 0 1460 4698; baseline 0 0"><span class='ocrx_word' id='word_1_330' title='bbox 0 0 1460 4698; x_wconf 95' lang='lat' dir='ltr'> </span> 
     </span>
    </p>
   </div>
  </div>
 </body>
</html>
