2910 4698
208 475 317 542 relicto
340 473 559 538 indefinitionis
580 477 659 536 statu
681 470 789 533 iterum
804 487 897 550 posse
913 467 945 529 in
967 464 1164 548 potentialem
1185 457 1306 527 retrudi

208 606 247 650 ex
271 585 348 650 reali
371 583 598 660 conditionem,
624 581 696 660 quin
719 579 808 642 simul
836 577 984 641 eximetur
1013 576 1078 639 eius
1110 575 1179 638 iden
1214 580 1304 654 atque

207 696 339 760 natural
382 693 558 770 indefinita,
579 692 625 754 sic
653 708 708 754 sun
735 703 885 769 quemque
915 687 994 749 ratio
1025 685 1135 763 docet,
1168 683 1303 746 essentia

207 807 322 872 terndiu
344 804 435 882 valet,
460 801 605 883 quamdiu
628 800 805 862 definitione
828 804 909 880 eget,
935 815 1023 877 quam
1046 793 1305 858 subministratum

212 915 294 978 nulla
315 919 416 995 potest
438 919 477 975 ne
499 910 637 974 absoluta
660 909 781 989 quidem
802 913 939 988 potestas
963 915 1070 987 (quum
1092 905 1158 984 ipse
1182 907 1305 966 creator

210 1040 328 1106 negare
349 1039 384 1084 se
407 1027 553 1100 nequeat)
577 1025 729 1096 evertere,
753 1017 833 1080 sicut
854 1034 912 1078 nec
936 1033 986 1077 res
1012 1020 1097 1077 certa
1118 1032 1173 1094 per
1195 1031 1229 1076 se
1251 1012 1304 1072 in-

210 1137 295 1194 certe
321 1147 380 1194 neo
413 1129 576 1209 praeterita
607 1144 712 1190 rursus
743 1126 841 1189 lutura
871 1124 938 1188 lreri
969 1141 1027 1186 uec
1054 1123 1186 1201 denique
1219 1119 1305 1183 reale

213 1255 298 1304 mere
333 1238 423 1300 reddi
457 1236 605 1318 possibile
638 1241 739 1317 potest
760 1239 812 1311 ¹⁵).
862 1235 965 1315 ltaque
996 1232 1183 1296 indefinitum
1214 1228 1309 1293 enimi

208 1348 409 1431 principium,
431 1352 591 1427 postquam
614 1345 661 1407 sui
691 1345 740 1407 lrio
762 1344 904 1406 conscius
933 1344 1032 1406 lactus
1059 1347 1227 1422 nactusque
1257 1345 1308 1402 est

209 1458 267 1519 τοῦ
292 1473 352 1538 ego
376 1456 603 1533 certitudinem,
627 1473 711 1518 mera
731 1453 895 1534 postulatio
913 1451 953 1528 ¹⁶)
976 1449 1018 1513 dt.

215 1661 506 1675 ——u

214 1795 328 1865 quidem,
348 1795 521 1863 quoniamst
541 1809 587 1846 ens
606 1791 753 1845 absolutum
772 1792 858 1859 ponis,
878 1792 934 1844 lieri
947 1793 1048 1861 nequit,
1069 1791 1177 1861 quinnb
1196 1797 1307 1844 aeterno

209 1895 296 1944 elotim
315 1899 433 1958 tempore
451 1890 597 1942 absolutam
617 1906 674 1942 cum
695 1888 818 1941 absoluto
841 1896 902 1940 ente
921 1890 1088 1942 existentiam
1108 1904 1139 1940 ac
1159 1889 1239 1940 vitum
1258 1902 1307 1939 oo.

209 1990 278 2054 ciet,
297 1988 366 2040 hanc
383 2002 465 2052 vero,
487 1989 548 2054 quie
577 1985 691 2038 nondum
712 1986 818 2038 cauoale
843 1987 1002 2053 principium
1026 1985 1073 2038 eed
1097 1985 1170 2038 reale
1196 1993 1307 2052 tantum,

208 2087 256 2139 sub
277 2101 309 2138 ea
334 2069 493 2136 immanente
521 2083 672 2136 conditione
702 2089 836 2148 creatum,
862 2089 890 2134 ut
914 2099 947 2136 ex
971 2084 1109 2151 potentiali
1132 2083 1253 2136 realitate
1272 2085 1306 2136 ad

209 2183 449 2252 phaenomenorum
469 2178 655 2232 formalitatem
674 2186 761 2234 exeat.
797 2179 853 2230 lioc
875 2194 954 2247 quum
967 2181 1067 2244 evenit,
1088 2187 1114 2231 et
1132 2181 1240 2250 negatio
1261 2182 1306 2232 iu-

210 2279 310 2331 deliniti
331 2285 357 2330 et
377 2277 478 2329 deliniti
502 2277 641 2328 allirmatio
660 2277 785 2342 principii
805 2275 882 2327 simul
909 2278 1039 2340 existunt,
1061 2276 1085 2326 id
1106 2277 1174 2345 quod
1194 2280 1306 2328 conclu.

210 2391 267 2427 nam
286 2377 316 2450 in⁸
331 2373 482 2426 Aristotelis
504 2374 591 2425 verbis
605 2380 707 2424 nactum
722 2379 762 2423 est
779 2371 974 2423 elocutionem:
995 2373 1054 2425 ἔστι
1067 2365 1099 2426 ιὰ
1113 2373 1167 2444 μὲν
1180 2373 1304 2444 φθορά

209 2491 264 2531 τις
291 2467 344 2525 aiud
371 2471 422 2523 rori
445 2471 589 2532 ἐναντίου,
607 2461 638 2523 τὸ
663 2468 694 2522 dt
717 2473 876 2538 σωτηρία
903 2469 1098 2534 (conservatio)
1121 2471 1231 2538 μᾶλλον
1255 2468 1306 2523 coti

211 2566 332 2639 δυνάμει
353 2565 433 2622 ὄντος
455 2561 509 2619 ὑπὸ
529 2569 578 2620 ιοῠ
598 2567 750 2635 ἐντελεχείᾳ
763 2562 843 2624 ὄντος
861 2567 908 2616 aot
928 2565 1038 2635 ὁμοίου.
1069 2561 1108 2618 Gi.
1129 2563 1161 2616 de
1176 2579 1218 2615 en.
1233 2563 1264 2629 ll,
1279 2566 1304 2618 5.

210 2679 237 2732 p.
256 2664 316 2717 dli.
337 2663 363 2729 b,
386 2664 411 2714 2.

312 2776 356 2844 15)
377 2773 417 2826 Gi.
437 2787 506 2840 quae
523 2772 574 2822 iam
593 2771 753 2823 Aristoteles
770 2777 860 2822 monet
877 2771 915 2821 sic
934 2769 1058 2822 locutus:
1090 2768 1133 2826 Τὸ
1157 2765 1308 2845 γεγονὸς

212 2869 274 2927 οὐκ
296 2869 485 2942 ἐνδέχεται
506 2865 550 2940 μὴ
574 2873 763 2940 γενέσθαι·
790 2862 834 2922 διὸ
855 2868 949 2940 ὀρθῶς
965 2867 1105 2939 Ἀγάθων·

407 2965 508 3022 Μόνον
528 2959 584 3038 γὰρ
604 2959 691 3019 αὑτοῦ
708 2969 755 3020 καὶ
774 2959 841 3025 θεὸς
862 2970 1034 3035 σιερίσκεται

406 3063 541 3136 Ἀνόνητα
559 3073 662 3128 ποιεῖν,
683 3060 747 3117 dod
768 3056 837 3135 ἆνῇ
860 3066 1058 3135 πεπραγμένα.

214 3161 254 3214 cf.
274 3160 334 3212 Elh.
355 3159 507 3213 Nicomoch.
528 3159 572 3224 Vl,
592 3162 616 3212 2.
835 3147 837 3150 ⁵

312 3273 356 3340 16)
376 3271 513 3323 Praeclara
533 3271 582 3322 hac
600 3271 633 3322 de
652 3287 681 3322 re
702 3270 781 3322 verba
801 3270 865 3322 lacit
884 3270 1033 3322 Gdotherue
1054 3272 1098 3338 qui
1117 3271 1145 3322 in
1164 3271 1232 3323 libro
1246 3272 1304 3336 „die

210 3367 430 3420 iuste-Milieu'o
449 3369 475 3418 in
496 3366 542 3419 der
560 3366 705 3418 deutschen
729 3357 1065 3437 Philongegenwirtiger
1083 3366 1157 3418 Zeu«
1176 3369 1302 3436 inscripto

212 3468 251 3518 alc
270 3465 386 3535 loquitur
404 3468 441 3534 (p.
463 3467 530 3534 37):
550 3464 594 3529 „ln
617 3463 662 3514 der
680 3463 881 3534 lirickwirlrnng
903 3466 1011 3516 crweist
1030 3465 1076 3516 das
1095 3465 1212 3518 Positive
1229 3467 1304 3518 oeioo

212 3561 380 3613 aulhebende
398 3561 470 3613 llralt
490 3559 594 3613 soauohl
611 3559 679 3612 nach
697 3561 800 3611 Aussen
819 3559 995 3613 coronatores
1013 3561 1051 3613 alo
1071 3561 1139 3613 nach
1157 3561 1240 3613 lnnen
1259 3562 1306 3615 aul

211 3658 268 3710 sich
290 3657 379 3710 selber
399 3657 452 3708 und
477 3673 548 3709 zavan
567 3655 636 3708 ohne
655 3657 714 3708 dass
733 3657 779 3709 der
798 3658 848 3708 Act
866 3656 904 3708 als
929 3655 1035 3708 eolcher
1055 3655 1215 3710 wiederholt
1233 3673 1305 3710 wer-

107 3783 110 3788 ·
212 3753 262 3806 deo
282 3753 346 3805 dari.
383 3752 413 3804 ln
431 3754 517 3804 ciuem
537 3752 589 3804 und
608 3753 761 3806 democlben
773 3755 839 3806 dcte
852 3753 919 3804 wird
937 3755 979 3804 ein
991 3753 1063 3806 Eode
1081 3755 1203 3823 gemacht
1214 3757 1306 3808 einer.

213 3852 277 3903 celte
297 3851 343 3902 der
362 3849 591 3902 Uobestimmtheit
612 3850 664 3901 und
684 3849 890 3919 Formlosigkeit
909 3849 955 3901 des
979 3849 1103 3914 Subields
1123 3852 1175 3903 und
1194 3853 1304 3904 andren.

128 3999 131 4005 Α
211 3948 275 3998 seito
294 3945 340 3997 der
353 3945 513 3998 intendirteu
533 3946 729 3998 Beotimmtheit
748 3948 794 3998 dec
807 3945 934 4012 Objelrts:
957 3946 999 3997 die
1016 3945 1241 4016 Selbsttndigkeit
1259 3948 1306 4002 des

211 4042 334 4108 Subjckta
353 4042 470 4094 insolero
488 4046 653 4112 wenigetens
672 4042 849 4108 aulzuheben‚
869 4042 908 4094 als
926 4058 954 4094 es
969 4042 1048 4108 jener
1066 4042 1109 4094 ldr·
1129 4044 1186 4095 sich
1206 4061 1239 4096 zu
1253 4062 1305 4114 ge.

210 4140 333 4205 wionem,
354 4140 411 4191 nich
432 4154 465 4190 zu
490 4138 670 4190 unterwerl'en
691 4138 830 4191 trachtete.
868 4141 935 4191 llurz
960 4141 1010 4192 wir·
1033 4140 1120 4193 linden
1148 4157 1221 4194 zwar
1247 4142 1306 4196 hier

212 4236 272 4288 cine
291 4236 416 4304 duppelte
430 4235 580 4306 Negation‚
599 4235 663 4286 aber
681 4250 731 4286 nur
748 4234 787 4286 ale
803 4235 959 4304 divergente
979 4236 1137 4308 Bcziehung
1156 4240 1231 4291 eines
1250 4241 1305 4294 uod

211 4329 351 4383 desselben
371 4331 468 4398 Thoos,
487 4330 533 4384 dae
552 4329 590 4384 alo
608 4329 717 4386 eolcheo
733 4331 797 4385 aher
815 4330 879 4385 keio
897 4334 1036 4401 negatiuee
1054 4332 1118 4390 oder·
1131 4335 1302 4405 reginerum,
