2910 4698
580 325 788 387 ..59-

136 519 174 563 ea
197 499 340 564 facultate
363 507 554 580 exstructus,
585 510 637 582 ut,
671 491 923 585 quemadmodum
959 505 1153 586 semetipsum
1182 501 1234 579 (ιό

137 621 215 691 ego)
239 627 300 672 non
323 611 456 690 explicat
475 612 584 691 solum,
609 615 663 676 sed
688 616 778 676 etiam
801 615 1029 695 inperpetuum
1056 619 1230 693 conservat,

137 737 291 802 peraeque
311 737 389 800 quae
414 721 534 802 singula
557 724 739 811 aut'patitur
762 731 812 786 aut
835 725 915 805 agit,
942 724 1051 804 quippe
1075 724 1230 802 exipsius

136 829 281 910 principii
316 829 564 894 manifestatione
598 835 756 912 prolecta,
789 832 820 894 in
850 831 1059 896 conscientiae
1089 837 1230 913 tanquam

136 939 269 1002 armario
301 939 452 1019 prehensa
481 947 583 1004 teneat
613 949 703 1022 atque
738 949 911 1005 conservet.
964 943 1030 1017 Quo
1060 942 1109 1020 m,
1141 948 1173 1003 ut
1200 942 1231 1004 in

140 1048 249 1112 eodem
272 1049 333 1110 sint
354 1049 455 1111 animo
485 1052 590 1112 variae
620 1058 650 1112 et
678 1052 784 1130 ideae,
817 1053 1021 1133 cogitationes
1049 1053 1232 1133 speciesque

138 1165 239 1222 mente
272 1159 471 1238 informatae,
506 1168 536 1223 et
567 1161 738 1224 voluntates
771 1163 961 1242 consiliaque
993 1162 1030 1225 ad
1060 1162 1127 1224 illas
1160 1179 1234 1242 per-

136 1268 273 1330 tinentia.
320 1267 506 1348 Quamquam
530 1271 694 1333 tenendum
719 1277 775 1348 est,
798 1270 849 1332 hie
871 1289 933 1333 non
955 1277 1016 1333 tam
1039 1270 1077 1333 ad
1100 1287 1232 1334 sensua-

137 1379 197 1441 lem
220 1377 407 1455 memoriam,
431 1377 470 1440 de
495 1396 552 1458 qua
571 1380 651 1442 inira
669 1381 726 1443 erit
748 1379 971 1460 disputandum,
993 1379 1117 1460 respici,
1144 1397 1231 1460 quam

137 1486 177 1552 ad
198 1492 358 1567 perpetuas
381 1488 743 1570 receptiva-spontaneas
765 1489 858 1551 animi
886 1489 1101 1552 revelationes.
1147 1487 1230 1562 Quae

140 1613 231 1677 quum
256 1601 286 1657 et
309 1597 467 1676 oppositae
490 1615 582 1677 saepe
607 1604 638 1660 et
662 1616 783 1678 semper
809 1600 892 1661 iuxta
918 1617 953 1661 se
980 1598 1111 1660 invicem
1136 1616 1232 1678 appa-

139 1712 246 1784 reant,
271 1706 313 1768 ita
334 1711 386 1784 ut,
418 1705 486 1769 idea
509 1707 645 1786 sublata,
675 1726 714 1769 ne
739 1707 902 1770 voluntatis
933 1707 1054 1787 quidem
1082 1707 1142 1769 ulla
1173 1707 1232 1785 vis,

139 1813 200 1876 nlla
221 1815 373 1876 sententia
394 1815 602 1894 relinquatur,
628 1817 765 1896 quisnam
788 1821 854 1894 est,
881 1833 1014 1895 quaeso,
1039 1815 1111 1896 quin
1141 1813 1235 1894 spolii

141 1923 192 1985 hic
222 1941 291 1985 esse
322 1925 472 1987 rationem
505 1925 674 1986 ducendam
702 1925 954 2005 statuendamque
983 1925 1114 2005 [ormam
1143 1923 1237 1986 caiani

141 2033 267 2094 localem
291 2033 466 2114 intelligat?
509 2035 594 2112 Quis,
618 2035 689 2114 quin
713 2041 819 2097 cernat
841 2034 870 2097 in
895 2035 1084 2097 diversarum
1108 2036 1237 2098 confor-

140 2143 305 2204 mationum
329 2142 420 2204 animi
440 2143 665 2223 voluntatisque
690 2145 895 2221 decretorum,
918 2161 996 2224 quae
1019 2144 1129 2207 ordine
1153 2163 1234 2225 quo-

140 2252 209 2315 dam
231 2251 439 2330 suboriuntur,
462 2253 655 2314 successione
667 2253 891 2333 apertissimum
908 2252 1051 2330 temporis
1065 2253 1235 2314 indicium?

141 2363 256 2426 Eadem
278 2381 329 2425 res
359 2363 487 2424 mirifice
510 2359 743 2443 comprobatur,
766 2364 794 2426 si
821 2364 896 2426 alias
919 2363 1112 2444 adiungimus
1136 2380 1233 2444 quae-

140 2472 323 2550 stiunculaS,
346 2489 424 2552 quae
449 2473 585 2551 quamvis
608 2489 670 2534 non
692 2473 729 2534 ad
750 2473 847 2534 solum
878 2473 1066 2553 pertinentes
1089 2472 1232 2549 animum,

143 2581 257 2660 absque
281 2580 341 2642 hoc
369 2586 685 2671 tamennequaquam
716 2581 774 2659 ita,
798 2588 835 2642 ut
859 2575 1005 2661 apparent
1036 2581 1067 2641 in
1100 2579 1233 2657 homine,

139 2709 209 2753 sese
232 2690 471 2752 manifestarent.
516 2690 574 2764 Qui
598 2690 698 2766 enim,
721 2690 752 2751 ni
774 2691 903 2770 spatium
926 2695 1011 2752 tenes
1034 2689 1142 2766 animi,
1166 2708 1232 2751 eam

139 2817 204 2860 rem
226 2807 325 2879 potes,
347 2806 380 2862 ut
402 2817 457 2880 par
481 2806 536 2878 est,
561 2800 728 2880 explicare,
753 2799 832 2881 quod
860 2804 890 2862 et
912 2799 1069 2863 multitudo
1092 2799 1236 2882 singula,

141 2922 206 2967 rum
227 2925 330 2969 rerum
344 2909 486 2970 sensibus
508 2914 718 2987 perceptarum
738 2915 768 2970 et
790 2909 988 2988 cogitationis
1012 2926 1048 2969 ac
1070 2909 1237 2969 conscien-

136 3001 202 3076 tiae
224 3014 401 3094 simplicitas
425 3015 514 3077 simul
536 3015 681 3093 iuxtaque
703 3015 891 3076 seinvicem
913 3015 944 3075 in
966 3014 1066 3076 animo
1091 3031 1235 3095 compre-

138 3123 337 3185 hendantur?
370 3123 431 3201 qui,
456 3122 536 3202 quod
559 3122 648 3183 unius
671 3122 869 3201 eiusdemque
892 3122 938 3184 rei
961 3119 1235 3185 conformationem

139 3238 240 3295 mente
264 3237 370 3294 teneas
392 3247 455 3293 non
477 3230 574 3293 solum
591 3237 739 3310 quatenus
763 3237 882 3293 constat
900 3230 1047 3312 partibus,
1067 3231 1123 3296 sed
1145 3233 1235 3295 etiam

140 3347 287 3422 quatenus
317 3347 411 3403 totum
446 3348 493 3404 est
516 3340 628 3421 aliquid
664 3348 693 3404 et
721 3342 874 3424 integrum
906 3341 984 3405 adeo
1016 3348 1066 3420 ut,
1097 3343 1234 3422 quamvis

138 3469 229 3513 unam
253 3451 397 3514 duntaxat
419 3450 538 3512 illarum
560 3456 676 3531 partem
698 3451 924 3531 contemplere,
949 3450 1041 3512 totius
1061 3456 1162 3513 tamen
1183 3451 1234 3512 in-

141 3559 327 3644 telligentiae
352 3577 463 3640 expers
486 3577 525 3621 ne
548 3559 586 3622 ad
610 3577 700 3621 uuum
725 3559 846 3640 quidem
869 3565 1053 3622 momentum
1074 3559 1157 3623 fias?
1179 3559 1232 3622 His
1261 3645 1263 3651 ,

140 3669 219 3733 adde
245 3687 322 3750 quae
344 3670 582 3733 luculentissima
606 3668 708 3749 prodit
735 3669 834 3732 ethica
858 3670 990 3732 hominis
1019 3670 1131 3752 agendi
1154 3671 1233 3734 ratio

138 3779 321 3842 testimonia.
366 3781 409 3842 Ea
436 3786 483 3842 est
505 3780 585 3841 enim
609 3780 710 3842 animo
734 3779 854 3842 indoles
878 3780 1076 3860 ingenerata,
1099 3786 1133 3841 ut
1154 3798 1234 3861 quo-

136 3889 318 3967 tiescunque
339 3888 377 3950 ad
400 3887 551 3970 agendam
572 3895 730 3968 separat,
756 3889 909 3968 optionem
940 3889 998 3951 sibi
1022 3889 1122 3953 datam
1142 3889 1235 3951 intel·
1308 3960 1311 3965 f

136 3995 222 4078 ligat,
247 3998 328 4058 inter
359 3995 434 4057 duas
459 3996 599 4074 pluresve
628 4015 702 4076 res,
730 4014 856 4077 quarum
887 3998 1119 4061 informationes
1145 3997 1233 4057 iacta

136 4124 170 4167 se
193 4105 321 4167 inuicem
351 4105 382 4167 in
405 4111 506 4167 mente
528 4112 704 4185 versantur,
729 4127 746 4170 e
768 4106 884 4186 libero,
907 4125 966 4188 quo
988 4099 1150 4186 praeditus
1174 4097 1235 4182 est,

81 4225 83 4227 ’
139 4214 266 4278 arbitrio
289 4209 424 4297 eligendi
445 4222 475 4278 et
497 4214 689 4277 conferendi.
733 4216 817 4290 Quae
841 4215 962 4296 quidem
985 4214 1079 4294 optio,
1103 4211 1227 4295 electio,

140 4321 263 4387 collatio
295 4323 449 4405 quomodo
480 4324 547 4389 lieri
577 4329 668 4407 atque
694 4323 810 4390 institui
839 4322 958 4405 possint
988 4327 1103 4407 negato
1135 4323 1229 4392 smmi
