<?xml version="1.0" encoding="UTF-8"?>
<!DOCTYPE html PUBLIC "-//W3C//DTD XHTML 1.0 Transitional//EN"
    "http://www.w3.org/TR/xhtml1/DTD/xhtml1-transitional.dtd">
<html xmlns="http://www.w3.org/1999/xhtml" xml:lang="en" lang="en">
 <head>
  <title>
</title>
<meta http-equiv="Content-Type" content="text/html;charset=utf-8" />
  <meta name='ocr-system' content='tesseract 3.04.00' />
  <meta name='ocr-capabilities' content='ocr_page ocr_carea ocr_par ocr_line ocrx_word'/>
</head>
<body>
  <div class='ocr_page' id='page_1' title='image "./despatioettempo00woltgoog_0049.png"; bbox 0 0 2910 4698; ppageno 0'>
   <div class='ocr_carea' id='block_1_1' title="bbox 222 441 1324 3033">
    <p class='ocr_par' dir='ltr' id='par_1_1' title="bbox 222 441 1324 3033">
     <span class='ocr_line' id='line_1_1' title="bbox 223 441 1322 530; baseline 0.001 -20"><span class='ocrx_word' id='word_1_1' title='bbox 223 441 273 524; x_wconf 78' lang='grc' dir='ltr'><strong><em>ότι</em></strong></span> <span class='ocrx_word' id='word_1_2' title='bbox 294 443 459 530; x_wconf 71' lang='grc' dir='ltr'><em>κατατήκει</em></span> <span class='ocrx_word' id='word_1_3' title='bbox 482 441 497 510; x_wconf 85' lang='grc' dir='ltr'><strong><em>ό</em></strong></span> <span class='ocrx_word' id='word_1_4' title='bbox 522 444 634 529; x_wconf 83' lang='grc' dir='ltr'><strong><em>χρόνος</em></strong></span> <span class='ocrx_word' id='word_1_5' title='bbox 656 447 711 510; x_wconf 75' lang='grc' dir='ltr'><strong><em>καί</em></strong></span> <span class='ocrx_word' id='word_1_6' title='bbox 741 442 890 530; x_wconf 79' lang='grc' dir='ltr'><strong>γηράσκει</strong></span> <span class='ocrx_word' id='word_1_7' title='bbox 915 441 1008 510; x_wconf 87' lang='grc' dir='ltr'><strong><em>πάνθ’</em></strong></span> <span class='ocrx_word' id='word_1_8' title='bbox 1031 443 1093 508; x_wconf 78' lang='grc' dir='ltr'><strong>ὑπὸ</strong></span> <span class='ocrx_word' id='word_1_9' title='bbox 1124 445 1181 510; x_wconf 79' lang='grc' dir='ltr'><strong>τοῦ</strong></span> <span class='ocrx_word' id='word_1_10' title='bbox 1200 445 1322 526; x_wconf 90' lang='grc' dir='ltr'><strong><em>χρόνου</em></strong></span> 
     </span>
     <span class='ocr_line' id='line_1_2' title="bbox 223 550 1323 638; baseline 0 -18"><span class='ocrx_word' id='word_1_11' title='bbox 223 553 278 620; x_wconf 78' lang='grc' dir='ltr'><strong><em>κατ’</em></strong></span> <span class='ocrx_word' id='word_1_12' title='bbox 297 555 543 620; x_wconf 72' lang='grc' dir='ltr'><strong>ἐπιλανθάνεται</strong></span> <span class='ocrx_word' id='word_1_13' title='bbox 567 553 618 626; x_wconf 69' lang='lat' dir='ltr'><strong>clud</strong></span> <span class='ocrx_word' id='word_1_14' title='bbox 642 555 693 618; x_wconf 87' lang='grc' dir='ltr'><strong><em>τόν</em></strong></span> <span class='ocrx_word' id='word_1_15' title='bbox 712 551 847 636; x_wconf 86' lang='grc' dir='ltr'><strong><em>χρόνον·</em></strong></span> <span class='ocrx_word' id='word_1_16' title='bbox 870 556 935 616; x_wconf 74' lang='grc' dir='ltr'><strong><em>ἀλλ’</em></strong></span> <span class='ocrx_word' id='word_1_17' title='bbox 960 553 997 616; x_wconf 80' lang='lat' dir='ltr'><strong>orl</strong></span> <span class='ocrx_word' id='word_1_18' title='bbox 1018 550 1222 638; x_wconf 70' lang='grc' dir='ltr'><strong><em>μεμάθηκεν,</em></strong></span> <span class='ocrx_word' id='word_1_19' title='bbox 1246 552 1323 620; x_wconf 72' lang='lat' dir='ltr'><strong>otti</strong></span> 
     </span>
     <span class='ocr_line' id='line_1_3' title="bbox 224 659 1323 746; baseline -0.005 -14"><span class='ocrx_word' id='word_1_20' title='bbox 224 669 293 732; x_wconf 84' lang='grc' dir='ltr'><strong>υέου</strong></span> <span class='ocrx_word' id='word_1_21' title='bbox 315 669 436 746; x_wconf 76' lang='grc' dir='ltr'><strong><em>γέγονεν</em></strong></span> <span class='ocrx_word' id='word_1_22' title='bbox 460 664 535 728; x_wconf 70' lang='lat' dir='ltr'><strong>aeti</strong></span> <span class='ocrx_word' id='word_1_23' title='bbox 557 663 670 730; x_wconf 86' lang='grc' dir='ltr'><strong><em>καλόν·</em></strong></span> <span class='ocrx_word' id='word_1_24' title='bbox 694 666 860 746; x_wconf 78' lang='grc' dir='ltr'><strong><em>φθοράς</em></strong></span> <span class='ocrx_word' id='word_1_25' title='bbox 885 661 963 746; x_wconf 86' lang='grc' dir='ltr'><strong><em>γάρ</em></strong></span> <span class='ocrx_word' id='word_1_26' title='bbox 988 659 1121 736; x_wconf 81' lang='grc' dir='ltr'><strong><em>αἴτιος</em></strong></span> <span class='ocrx_word' id='word_1_27' title='bbox 1141 667 1233 726; x_wconf 83' lang='grc' dir='ltr'><strong><em>καθ’</em></strong></span> <span class='ocrx_word' id='word_1_28' title='bbox 1255 662 1323 726; x_wconf 83' lang='grc' dir='ltr'><strong><em>αό-</em></strong></span> 
     </span>
     <span class='ocr_line' id='line_1_4' title="bbox 224 770 1324 858; baseline -0.005 -20"><span class='ocrx_word' id='word_1_29' title='bbox 224 770 295 838; x_wconf 84' lang='grc' dir='ltr'><strong><em>τόν</em></strong></span> <span class='ocrx_word' id='word_1_30' title='bbox 317 777 468 852; x_wconf 78' lang='grc' dir='ltr'><strong><em>μᾶλλον</em></strong></span> <span class='ocrx_word' id='word_1_31' title='bbox 498 771 513 836; x_wconf 88' lang='grc' dir='ltr'><strong><em>ό</em></strong></span> <span class='ocrx_word' id='word_1_32' title='bbox 540 771 670 854; x_wconf 86' lang='grc' dir='ltr'><strong><em>χρόνος·</em></strong></span> <span class='ocrx_word' id='word_1_33' title='bbox 694 771 834 855; x_wconf 83' lang='grc' dir='ltr'><strong><em>α’ριθμός</em></strong></span> <span class='ocrx_word' id='word_1_34' title='bbox 855 771 916 854; x_wconf 91' lang='grc' dir='ltr'><strong><em>γάρ</em></strong></span> <span class='ocrx_word' id='word_1_35' title='bbox 941 771 1114 854; x_wconf 74' lang='grc' dir='ltr'><strong><em>κινήσεως·</em></strong></span> <span class='ocrx_word' id='word_1_36' title='bbox 1137 772 1156 852; x_wconf 74' lang='grc' dir='ltr'><strong><em>ἡ</em></strong></span> <span class='ocrx_word' id='word_1_37' title='bbox 1180 773 1214 838; x_wconf 82' lang='grc' dir='ltr'><strong>δὲ</strong></span> <span class='ocrx_word' id='word_1_38' title='bbox 1238 772 1324 858; x_wconf 75' lang='grc' dir='ltr'><strong><em>κόνιγ.</em></strong></span> 
     </span>
     <span class='ocr_line' id='line_1_5' title="bbox 224 877 1323 965; baseline -0.002 -17"><span class='ocrx_word' id='word_1_39' title='bbox 224 905 274 960; x_wconf 68' lang='lat' dir='ltr'><strong>opp</strong></span> <span class='ocrx_word' id='word_1_40' title='bbox 297 886 432 965; x_wconf 71' lang='grc' dir='ltr'><strong><em>ἐξιστηοι</em></strong></span> <span class='ocrx_word' id='word_1_41' title='bbox 456 879 490 956; x_wconf 76' lang='grc' dir='ltr'><strong>τό</strong></span> <span class='ocrx_word' id='word_1_42' title='bbox 515 877 671 964; x_wconf 67' lang='grc' dir='ltr'><strong><em>ὑπάρχον.</em></strong></span> <span class='ocrx_word' id='word_1_43' title='bbox 702 883 734 950; x_wconf 86' lang='lat' dir='ltr'><strong>Si</strong></span> <span class='ocrx_word' id='word_1_44' title='bbox 756 883 934 964; x_wconf 85' lang='lat' dir='ltr'><strong>quisuutem</strong></span> <span class='ocrx_word' id='word_1_45' title='bbox 951 888 1088 946; x_wconf 87' lang='lat' dir='ltr'><strong>extremo</strong></span> <span class='ocrx_word' id='word_1_46' title='bbox 1110 901 1137 944; x_wconf 90' lang='grc' dir='ltr'><strong>ο.</strong></span> <span class='ocrx_word' id='word_1_47' title='bbox 1156 882 1204 946; x_wconf 86' lang='grc'><strong>13.</strong></span> <span class='ocrx_word' id='word_1_48' title='bbox 1222 901 1323 946; x_wconf 88' lang='lat' dir='ltr'><strong>meam</strong></span> 
     </span>
     <span class='ocr_line' id='line_1_6' title="bbox 225 991 1321 1074; baseline 0.002 -20"><span class='ocrx_word' id='word_1_49' title='bbox 225 991 397 1074; x_wconf 73' lang='lat' dir='ltr'><strong>impugnari</strong></span> <span class='ocrx_word' id='word_1_50' title='bbox 416 991 597 1054; x_wconf 86' lang='lat' dir='ltr'><strong>sententiam</strong></span> <span class='ocrx_word' id='word_1_51' title='bbox 617 998 718 1072; x_wconf 85' lang='lat' dir='ltr'><strong>putat,</strong></span> <span class='ocrx_word' id='word_1_52' title='bbox 739 1010 837 1073; x_wconf 90' lang='lat' dir='ltr'><strong>pauca</strong></span> <span class='ocrx_word' id='word_1_53' title='bbox 860 991 1030 1070; x_wconf 81' lang='lat' dir='ltr'><strong>sufficient,</strong></span> <span class='ocrx_word' id='word_1_54' title='bbox 1052 998 1085 1053; x_wconf 90' lang='lat' dir='ltr'><strong>ut</strong></span> <span class='ocrx_word' id='word_1_55' title='bbox 1107 993 1321 1071; x_wconf 83' lang='lat' dir='ltr'><strong>convineatur,</strong></span> 
     </span>
     <span class='ocr_line' id='line_1_7' title="bbox 226 1097 1320 1182; baseline 0.003 -21"><span class='ocrx_word' id='word_1_56' title='bbox 226 1105 321 1166; x_wconf 86' lang='lat' dir='ltr'><strong>lotum</strong></span> <span class='ocrx_word' id='word_1_57' title='bbox 344 1097 416 1160; x_wconf 88' lang='lat' dir='ltr'><strong>inde</strong></span> <span class='ocrx_word' id='word_1_58' title='bbox 447 1118 463 1160; x_wconf 81' lang='lat' dir='ltr'><strong>a</strong></span> <span class='ocrx_word' id='word_1_59' title='bbox 495 1098 598 1160; x_wconf 79' lang='lat' dir='ltr'><strong>verbis</strong></span> <span class='ocrx_word' id='word_1_60' title='bbox 628 1099 786 1182; x_wconf 74' lang='grc' dir='ltr'><strong><em>μεταβολὴ</em></strong></span> <span class='ocrx_word' id='word_1_61' title='bbox 818 1103 853 1164; x_wconf 78' lang='lat' dir='ltr'><strong>tt</strong></span> <span class='ocrx_word' id='word_1_62' title='bbox 887 1099 973 1162; x_wconf 86' lang='grc' dir='ltr'><strong><em>πάσα</em></strong></span> <span class='ocrx_word' id='word_1_63' title='bbox 1008 1101 1104 1182; x_wconf 76' lang='grc' dir='ltr'><strong><em>φύσει</em></strong></span> <span class='ocrx_word' id='word_1_64' title='bbox 1137 1099 1320 1166; x_wconf 76' lang='grc' dir='ltr'><strong><em>ἐκστατικὸν</em></strong></span> 
     </span>
     <span class='ocr_line' id='line_1_8' title="bbox 224 1202 1319 1292; baseline 0 -22"><span class='ocrx_word' id='word_1_65' title='bbox 224 1207 381 1288; x_wconf 79' lang='lat' dir='ltr'><strong>usquead</strong></span> <span class='ocrx_word' id='word_1_66' title='bbox 404 1202 485 1268; x_wconf 84' lang='grc' dir='ltr'><strong><em>α’λλά</em></strong></span> <span class='ocrx_word' id='word_1_67' title='bbox 507 1205 676 1285; x_wconf 67' lang='grc' dir='ltr'><strong><em>συμβαίνει</em></strong></span> <span class='ocrx_word' id='word_1_68' title='bbox 700 1211 733 1268; x_wconf 89' lang='grc' dir='ltr'><strong><em>ἐν</em></strong></span> <span class='ocrx_word' id='word_1_69' title='bbox 754 1209 859 1292; x_wconf 81' lang='grc' dir='ltr'><strong><em>χρόνῳ</em></strong></span> <span class='ocrx_word' id='word_1_70' title='bbox 881 1212 1026 1287; x_wconf 76' lang='grc' dir='ltr'><strong><em>γίνεσθαι</em></strong></span> <span class='ocrx_word' id='word_1_71' title='bbox 1052 1208 1107 1270; x_wconf 70' lang='grc' dir='ltr'><strong><em>κατ’</em></strong></span> <span class='ocrx_word' id='word_1_72' title='bbox 1127 1210 1246 1292; x_wconf 73' lang='grc' dir='ltr'><strong><em>ταύτην</em></strong></span> <span class='ocrx_word' id='word_1_73' title='bbox 1262 1207 1319 1290; x_wconf 68' lang='grc' dir='ltr'><strong><em>τήν.</em></strong></span> 
     </span>
     <span class='ocr_line' id='line_1_9' title="bbox 224 1313 1322 1398; baseline 0.002 -18"><span class='ocrx_word' id='word_1_74' title='bbox 224 1315 403 1397; x_wconf 65' lang='grc' dir='ltr'><strong><em>μεταβολὴν</em></strong></span> <span class='ocrx_word' id='word_1_75' title='bbox 436 1313 538 1380; x_wconf 85' lang='lat' dir='ltr'><strong>locum</strong></span> <span class='ocrx_word' id='word_1_76' title='bbox 567 1316 609 1379; x_wconf 91' lang='lat' dir='ltr'><strong>nil</strong></span> <span class='ocrx_word' id='word_1_77' title='bbox 639 1335 708 1380; x_wconf 88' lang='lat' dir='ltr'><strong>csse</strong></span> <span class='ocrx_word' id='word_1_78' title='bbox 737 1317 797 1380; x_wconf 92' lang='lat' dir='ltr'><strong>nisi</strong></span> <span class='ocrx_word' id='word_1_79' title='bbox 828 1318 1018 1398; x_wconf 71' lang='lat' dir='ltr'><strong>interpretis,</strong></span> <span class='ocrx_word' id='word_1_80' title='bbox 1049 1317 1248 1382; x_wconf 73' lang='lat' dir='ltr'><strong>Aristotelem</strong></span> <span class='ocrx_word' id='word_1_81' title='bbox 1271 1327 1322 1382; x_wconf 89' lang='lat' dir='ltr'><strong>ant</strong></span> 
     </span>
     <span class='ocr_line' id='line_1_10' title="bbox 224 1425 1319 1508; baseline 0.003 -20"><span class='ocrx_word' id='word_1_82' title='bbox 224 1443 331 1508; x_wconf 89' lang='lat' dir='ltr'><strong>parum</strong></span> <span class='ocrx_word' id='word_1_83' title='bbox 355 1425 553 1507; x_wconf 81' lang='lat' dir='ltr'><strong>intelligentis</strong></span> <span class='ocrx_word' id='word_1_84' title='bbox 584 1431 634 1486; x_wconf 88' lang='lat' dir='ltr'><strong>aut</strong></span> <span class='ocrx_word' id='word_1_85' title='bbox 656 1425 812 1489; x_wconf 83' lang='lat' dir='ltr'><strong>defensuri</strong></span> <span class='ocrx_word' id='word_1_86' title='bbox 841 1426 1080 1506; x_wconf 86' lang='lat' dir='ltr'><strong>quodammodo,</strong></span> <span class='ocrx_word' id='word_1_87' title='bbox 1105 1428 1319 1508; x_wconf 88' lang='lat' dir='ltr'><strong>interpolatio·-</strong></span> 
     </span>
     <span class='ocr_line' id='line_1_11' title="bbox 224 1533 1320 1616; baseline 0.004 -20"><span class='ocrx_word' id='word_1_88' title='bbox 224 1551 304 1612; x_wconf 75' lang='grc' dir='ltr'><strong><em>μνον.</em></strong></span> <span class='ocrx_word' id='word_1_89' title='bbox 349 1533 404 1598; x_wconf 85' lang='lat' dir='ltr'><strong>llel</strong></span> <span class='ocrx_word' id='word_1_90' title='bbox 428 1535 525 1615; x_wconf 86' lang='lat' dir='ltr'><strong>primo</strong></span> <span class='ocrx_word' id='word_1_91' title='bbox 547 1534 628 1610; x_wconf 87' lang='lat' dir='ltr'><strong>enim</strong></span> <span class='ocrx_word' id='word_1_92' title='bbox 650 1542 776 1615; x_wconf 85' lang='lat' dir='ltr'><strong>aspectu</strong></span> <span class='ocrx_word' id='word_1_93' title='bbox 800 1536 1016 1616; x_wconf 76' lang='lat' dir='ltr'>cognoscitur,</span> <span class='ocrx_word' id='word_1_94' title='bbox 1037 1535 1138 1598; x_wconf 85' lang='lat' dir='ltr'><strong>locum</strong></span> <span class='ocrx_word' id='word_1_95' title='bbox 1161 1536 1244 1600; x_wconf 91' lang='lat' dir='ltr'><strong>illum</strong></span> <span class='ocrx_word' id='word_1_96' title='bbox 1265 1555 1320 1600; x_wconf 90' lang='lat' dir='ltr'><strong>su·</strong></span> 
     </span>
     <span class='ocr_line' id='line_1_12' title="bbox 224 1638 1318 1723; baseline 0.004 -17"><span class='ocrx_word' id='word_1_97' title='bbox 224 1661 278 1723; x_wconf 86' lang='lat' dir='ltr'><strong>pra</strong></span> <span class='ocrx_word' id='word_1_98' title='bbox 300 1642 414 1722; x_wconf 78' lang='lat' dir='ltr'><strong>laudati</strong></span> <span class='ocrx_word' id='word_1_99' title='bbox 439 1655 519 1723; x_wconf 89' lang='lat' dir='ltr'><strong>(cup.</strong></span> <span class='ocrx_word' id='word_1_100' title='bbox 546 1645 600 1720; x_wconf 74' lang='lat'><strong>12)</strong></span> <span class='ocrx_word' id='word_1_101' title='bbox 621 1661 684 1704; x_wconf 92' lang='lat' dir='ltr'><strong>non</strong></span> <span class='ocrx_word' id='word_1_102' title='bbox 705 1643 797 1706; x_wconf 89' lang='lat' dir='ltr'><strong>modo</strong></span> <span class='ocrx_word' id='word_1_103' title='bbox 822 1638 951 1706; x_wconf 79' lang='lat' dir='ltr'><strong>similem</strong></span> <span class='ocrx_word' id='word_1_104' title='bbox 974 1662 1063 1722; x_wconf 88' lang='lat' dir='ltr'><strong>esse,</strong></span> <span class='ocrx_word' id='word_1_105' title='bbox 1085 1645 1140 1706; x_wconf 87' lang='lat' dir='ltr'><strong>sed</strong></span> <span class='ocrx_word' id='word_1_106' title='bbox 1165 1646 1255 1708; x_wconf 88' lang='lat' dir='ltr'><strong>etiam</strong></span> <span class='ocrx_word' id='word_1_107' title='bbox 1277 1647 1318 1710; x_wconf 86' lang='lat' dir='ltr'><strong>ita</strong></span> 
     </span>
     <span class='ocr_line' id='line_1_13' title="bbox 224 1751 1318 1835; baseline 0.003 -21"><span class='ocrx_word' id='word_1_108' title='bbox 224 1771 291 1816; x_wconf 89' lang='lat' dir='ltr'><strong>eum</strong></span> <span class='ocrx_word' id='word_1_109' title='bbox 313 1770 351 1828; x_wconf 85' lang='lat' dir='ltr'><strong>oo</strong></span> <span class='ocrx_word' id='word_1_110' title='bbox 375 1751 476 1816; x_wconf 90' lang='lat' dir='ltr'><strong>multis</strong></span> <span class='ocrx_word' id='word_1_111' title='bbox 506 1771 544 1828; x_wconf 72' lang='lat' dir='ltr'><strong>erp</strong></span> <span class='ocrx_word' id='word_1_112' title='bbox 566 1751 702 1832; x_wconf 83' lang='lat' dir='ltr'><strong>partibus</strong></span> <span class='ocrx_word' id='word_1_113' title='bbox 726 1751 792 1814; x_wconf 88' lang='lat' dir='ltr'><strong>lere</strong></span> <span class='ocrx_word' id='word_1_114' title='bbox 815 1752 962 1830; x_wconf 84' lang='lat' dir='ltr'><strong>eundem,</strong></span> <span class='ocrx_word' id='word_1_115' title='bbox 984 1759 1016 1820; x_wconf 91' lang='lat' dir='ltr'><strong>ut</strong></span> <span class='ocrx_word' id='word_1_116' title='bbox 1037 1753 1144 1832; x_wconf 85' lang='lat' dir='ltr'><strong>purtim</strong></span> <span class='ocrx_word' id='word_1_117' title='bbox 1168 1773 1185 1816; x_wconf 91' lang='lat' dir='ltr'><strong>e</strong></span> <span class='ocrx_word' id='word_1_118' title='bbox 1209 1773 1318 1835; x_wconf 89' lang='lat' dir='ltr'><strong>supcr-</strong></span> 
     </span>
     <span class='ocr_line' id='line_1_14' title="bbox 224 1860 1318 1942; baseline 0.002 -18"><span class='ocrx_word' id='word_1_119' title='bbox 224 1879 360 1924; x_wconf 87' lang='lat' dir='ltr'><strong>vucanea</strong></span> <span class='ocrx_word' id='word_1_120' title='bbox 383 1878 486 1926; x_wconf 91' lang='lat' dir='ltr'><strong>rerum</strong></span> <span class='ocrx_word' id='word_1_121' title='bbox 508 1860 567 1922; x_wconf 86' lang='lat' dir='ltr'><strong>ium</strong></span> <span class='ocrx_word' id='word_1_122' title='bbox 591 1866 844 1940; x_wconf 74' lang='lat' dir='ltr'><strong>pertractaturum</strong></span> <span class='ocrx_word' id='word_1_123' title='bbox 865 1862 1047 1942; x_wconf 79' lang='lat' dir='ltr'><strong>repetitione</strong></span> <span class='ocrx_word' id='word_1_124' title='bbox 1068 1863 1176 1942; x_wconf 91' lang='lat' dir='ltr'><strong>partim</strong></span> <span class='ocrx_word' id='word_1_125' title='bbox 1198 1883 1238 1926; x_wconf 86' lang='lat' dir='ltr'><strong>ex</strong></span> <span class='ocrx_word' id='word_1_126' title='bbox 1260 1864 1318 1932; x_wconf 86' lang='lat' dir='ltr'><strong>ha-</strong></span> 
     </span>
     <span class='ocr_line' id='line_1_15' title="bbox 224 1969 1318 2054; baseline 0.004 -22"><span class='ocrx_word' id='word_1_127' title='bbox 224 1988 291 2034; x_wconf 90' lang='lat' dir='ltr'><strong>rum</strong></span> <span class='ocrx_word' id='word_1_128' title='bbox 323 1969 574 2051; x_wconf 83' lang='lat' dir='ltr'><strong>interpretatione</strong></span> <span class='ocrx_word' id='word_1_129' title='bbox 607 1976 735 2032; x_wconf 88' lang='lat' dir='ltr'><strong>constet.</strong></span> <span class='ocrx_word' id='word_1_130' title='bbox 789 1969 851 2034; x_wconf 87' lang='lat' dir='ltr'><strong>Sed</strong></span> <span class='ocrx_word' id='word_1_131' title='bbox 880 1971 945 2051; x_wconf 90' lang='lat' dir='ltr'><strong>plus</strong></span> <span class='ocrx_word' id='word_1_132' title='bbox 978 1972 1087 2050; x_wconf 86' lang='lat' dir='ltr'><strong>etium,</strong></span> <span class='ocrx_word' id='word_1_133' title='bbox 1123 1973 1150 2036; x_wconf 91' lang='lat' dir='ltr'><strong>si</strong></span> <span class='ocrx_word' id='word_1_134' title='bbox 1182 1973 1318 2054; x_wconf 83' lang='lat' dir='ltr'><strong>singulas</strong></span> 
     </span>
     <span class='ocr_line' id='line_1_16' title="bbox 223 2079 1319 2162; baseline 0.002 -20"><span class='ocrx_word' id='word_1_135' title='bbox 223 2079 422 2161; x_wconf 86' lang='lat' dir='ltr'><strong>perpenderis</strong></span> <span class='ocrx_word' id='word_1_136' title='bbox 443 2085 555 2159; x_wconf 84' lang='lat' dir='ltr'><strong>parles,</strong></span> <span class='ocrx_word' id='word_1_137' title='bbox 573 2079 758 2161; x_wconf 82' lang='lat' dir='ltr'><strong>suspicionis</strong></span> <span class='ocrx_word' id='word_1_138' title='bbox 781 2081 948 2161; x_wconf 84' lang='lat' dir='ltr'><strong>concipies.</strong></span> <span class='ocrx_word' id='word_1_139' title='bbox 994 2082 1055 2144; x_wconf 89' lang='lat' dir='ltr'><strong>lam</strong></span> <span class='ocrx_word' id='word_1_140' title='bbox 1078 2083 1109 2144; x_wconf 94' lang='lat' dir='ltr'><strong>in</strong></span> <span class='ocrx_word' id='word_1_141' title='bbox 1134 2083 1231 2162; x_wconf 89' lang='lat' dir='ltr'><strong>primo</strong></span> <span class='ocrx_word' id='word_1_142' title='bbox 1254 2088 1319 2145; x_wconf 90' lang='lat' dir='ltr'><strong>sta-</strong></span> 
     </span>
     <span class='ocr_line' id='line_1_17' title="bbox 226 2183 1318 2274; baseline 0.002 -24"><span class='ocrx_word' id='word_1_143' title='bbox 226 2191 277 2260; x_wconf 83' lang='lat' dir='ltr'><strong>litn</strong></span> <span class='ocrx_word' id='word_1_144' title='bbox 300 2189 475 2266; x_wconf 76' lang='lat' dir='ltr'><strong>enutnlialoz</strong></span> <span class='ocrx_word' id='word_1_145' title='bbox 500 2191 554 2270; x_wconf 80' lang='lat' dir='ltr'><strong>„s&#39;c</strong></span> <span class='ocrx_word' id='word_1_146' title='bbox 585 2189 618 2252; x_wconf 80' lang='grc' dir='ltr'><strong>δὲ</strong></span> <span class='ocrx_word' id='word_1_147' title='bbox 640 2191 682 2274; x_wconf 74' lang='grc' dir='ltr'><strong>τῷ</strong></span> <span class='ocrx_word' id='word_1_148' title='bbox 702 2183 808 2273; x_wconf 80' lang='grc' dir='ltr'><strong><em>χρόνῳ</em></strong></span> <span class='ocrx_word' id='word_1_149' title='bbox 839 2188 940 2252; x_wconf 85' lang='grc' dir='ltr'><strong><em>πάντα</em></strong></span> <span class='ocrx_word' id='word_1_150' title='bbox 965 2187 1082 2270; x_wconf 68' lang='grc' dir='ltr'><strong><em>γίνεται</em></strong></span> <span class='ocrx_word' id='word_1_151' title='bbox 1106 2189 1160 2252; x_wconf 72' lang='grc' dir='ltr'><strong><em>κατ’</em></strong></span> <span class='ocrx_word' id='word_1_152' title='bbox 1188 2191 1318 2274; x_wconf 69' lang='grc' dir='ltr'><strong><em>φθείρε-</em></strong></span> 
     </span>
     <span class='ocr_line' id='line_1_18' title="bbox 225 2293 1318 2380; baseline -0.002 -18"><span class='ocrx_word' id='word_1_153' title='bbox 225 2323 295 2377; x_wconf 70' lang='grc' dir='ltr'><strong><em>ραιι</em></strong></span> <span class='ocrx_word' id='word_1_154' title='bbox 330 2296 379 2362; x_wconf 86' lang='grc' dir='ltr'><strong><em>όίὁ</em></strong></span> <span class='ocrx_word' id='word_1_155' title='bbox 409 2296 463 2372; x_wconf 71' lang='grc' dir='ltr'><strong><em>κατ’</em></strong></span> <span class='ocrx_word' id='word_1_156' title='bbox 484 2296 511 2372; x_wconf 80' lang='grc' dir='ltr'><strong>οὶ</strong></span> <span class='ocrx_word' id='word_1_157' title='bbox 535 2299 594 2378; x_wconf 79' lang='grc' dir='ltr'><strong><em>μὲν</em></strong></span> <span class='ocrx_word' id='word_1_158' title='bbox 622 2293 806 2380; x_wconf 66' lang='lat' dir='ltr'><strong>copulenter</strong></span> <span class='ocrx_word' id='word_1_159' title='bbox 832 2293 955 2378; x_wconf 81' lang='grc' dir='ltr'><strong><em>ἔλεγον,</em></strong></span> <span class='ocrx_word' id='word_1_160' title='bbox 980 2295 995 2358; x_wconf 92' lang='grc' dir='ltr'><strong><em>ό</em></strong></span> <span class='ocrx_word' id='word_1_161' title='bbox 1031 2300 1065 2360; x_wconf 76' lang='grc' dir='ltr'><strong>δὲ</strong></span> <span class='ocrx_word' id='word_1_162' title='bbox 1094 2295 1318 2380; x_wconf 71' lang='grc' dir='ltr'><strong><em>Πυθαγόρειος</em></strong></span> 
     </span>
     <span class='ocr_line' id='line_1_19' title="bbox 225 2399 1319 2503; baseline -0.001 -29"><span class='ocrx_word' id='word_1_163' title='bbox 225 2407 348 2488; x_wconf 80' lang='grc' dir='ltr'><strong><em>Πάριον</em></strong></span> <span class='ocrx_word' id='word_1_164' title='bbox 373 2408 606 2483; x_wconf 80' lang='grc' dir='ltr'><strong><em>α’μαθόοτατον,</em></strong></span> <span class='ocrx_word' id='word_1_165' title='bbox 633 2399 680 2469; x_wconf 88' lang='grc' dir='ltr'><strong><em>ότι</em></strong></span> <span class='ocrx_word' id='word_1_166' title='bbox 704 2403 758 2470; x_wconf 78' lang='grc' dir='ltr'><em>καί</em></span> <span class='ocrx_word' id='word_1_167' title='bbox 780 2407 1043 2472; x_wconf 70' lang='grc' dir='ltr'><strong><em>ἐπιλανθάνονται</em></strong></span> <span class='ocrx_word' id='word_1_168' title='bbox 1070 2409 1243 2503; x_wconf 41' lang='grc' dir='ltr'><strong><em>ἐνοιοόιιρ,</em></strong></span> <span class='ocrx_word' id='word_1_169' title='bbox 1267 2413 1319 2474; x_wconf 88' lang='grc' dir='ltr'><strong><em>λε’-</em></strong></span> 
     </span>
     <span class='ocr_line' id='line_1_20' title="bbox 222 2515 1319 2599; baseline 0.002 -19"><span class='ocrx_word' id='word_1_170' title='bbox 222 2541 285 2599; x_wconf 83' lang='grc' dir='ltr'><strong><em>γιον</em></strong></span> <span class='ocrx_word' id='word_1_171' title='bbox 305 2515 500 2598; x_wconf 62' lang='grc' dir='ltr'><strong><em>όρθότερον11</em></strong></span> <span class='ocrx_word' id='word_1_172' title='bbox 525 2535 599 2597; x_wconf 89' lang='lat' dir='ltr'><strong>prae</strong></span> <span class='ocrx_word' id='word_1_173' title='bbox 622 2516 761 2590; x_wconf 87' lang='lat' dir='ltr'><strong>omnibus</strong></span> <span class='ocrx_word' id='word_1_174' title='bbox 788 2515 917 2582; x_wconf 86' lang='lat' dir='ltr'><strong>ollendit</strong></span> <span class='ocrx_word' id='word_1_175' title='bbox 938 2517 1147 2599; x_wconf 84' lang='lat' dir='ltr'><strong>Pythagoreus</strong></span> <span class='ocrx_word' id='word_1_176' title='bbox 1167 2520 1256 2598; x_wconf 89' lang='lat' dir='ltr'><strong>Paro,</strong></span> <span class='ocrx_word' id='word_1_177' title='bbox 1281 2520 1319 2584; x_wconf 88' lang='lat' dir='ltr'><strong>de</strong></span> 
     </span>
     <span class='ocr_line' id='line_1_21' title="bbox 225 2625 1317 2706; baseline 0.003 -18"><span class='ocrx_word' id='word_1_178' title='bbox 225 2644 285 2706; x_wconf 86' lang='lat' dir='ltr'><strong>quo</strong></span> <span class='ocrx_word' id='word_1_179' title='bbox 307 2643 414 2691; x_wconf 87' lang='lat' dir='ltr'><strong>omnes</strong></span> <span class='ocrx_word' id='word_1_180' title='bbox 437 2632 538 2689; x_wconf 86' lang='lat' dir='ltr'><strong>tacent</strong></span> <span class='ocrx_word' id='word_1_181' title='bbox 558 2626 716 2689; x_wconf 83' lang='lat' dir='ltr'><strong>vetustatis</strong></span> <span class='ocrx_word' id='word_1_182' title='bbox 739 2625 849 2688; x_wconf 90' lang='lat' dir='ltr'><strong>lontes.</strong></span> <span class='ocrx_word' id='word_1_183' title='bbox 895 2626 985 2688; x_wconf 86' lang='lat' dir='ltr'><strong>Cuius</strong></span> <span class='ocrx_word' id='word_1_184' title='bbox 1008 2628 1055 2688; x_wconf 88' lang='lat' dir='ltr'><strong>rei</strong></span> <span class='ocrx_word' id='word_1_185' title='bbox 1079 2627 1117 2689; x_wconf 87' lang='lat' dir='ltr'><strong>ad</strong></span> <span class='ocrx_word' id='word_1_186' title='bbox 1140 2629 1317 2692; x_wconf 88' lang='lat' dir='ltr'><strong>societatem</strong></span> 
     </span>
     <span class='ocr_line' id='line_1_22' title="bbox 224 2733 1318 2816; baseline 0.002 -18"><span class='ocrx_word' id='word_1_187' title='bbox 224 2735 305 2798; x_wconf 85' lang='lat' dir='ltr'><strong>aliud</strong></span> <span class='ocrx_word' id='word_1_188' title='bbox 329 2735 419 2814; x_wconf 89' lang='lat' dir='ltr'><strong>idque</strong></span> <span class='ocrx_word' id='word_1_189' title='bbox 442 2736 567 2815; x_wconf 80' lang='lat' dir='ltr'><strong>gravius</strong></span> <span class='ocrx_word' id='word_1_190' title='bbox 592 2740 801 2816; x_wconf 80' lang='lat' dir='ltr'><strong>argumentum</strong></span> <span class='ocrx_word' id='word_1_191' title='bbox 825 2733 963 2813; x_wconf 89' lang='lat' dir='ltr'><strong>aceedit,</strong></span> <span class='ocrx_word' id='word_1_192' title='bbox 994 2736 1076 2798; x_wconf 88' lang='lat' dir='ltr'><strong>unde</strong></span> <span class='ocrx_word' id='word_1_193' title='bbox 1104 2754 1216 2800; x_wconf 86' lang='lat' dir='ltr'><strong>nornen</strong></span> <span class='ocrx_word' id='word_1_194' title='bbox 1246 2737 1318 2800; x_wconf 88' lang='lat' dir='ltr'><strong>illud</strong></span> 
     </span>
     <span class='ocr_line' id='line_1_23' title="bbox 224 2842 1321 2926; baseline 0.003 -20"><span class='ocrx_word' id='word_1_195' title='bbox 224 2863 263 2909; x_wconf 80' lang='lat' dir='ltr'><strong>ex</strong></span> <span class='ocrx_word' id='word_1_196' title='bbox 289 2861 397 2912; x_wconf 84' lang='lat' dir='ltr'><strong>errore</strong></span> <span class='ocrx_word' id='word_1_197' title='bbox 418 2843 539 2911; x_wconf 85' lang='lat' dir='ltr'><strong>videtur</strong></span> <span class='ocrx_word' id='word_1_198' title='bbox 567 2843 668 2924; x_wconf 90' lang='lat' dir='ltr'><strong>aliquo</strong></span> <span class='ocrx_word' id='word_1_199' title='bbox 691 2849 722 2905; x_wconf 89' lang='lat' dir='ltr'><strong>et</strong></span> <span class='ocrx_word' id='word_1_200' title='bbox 751 2842 977 2923; x_wconf 86' lang='lat' dir='ltr'><strong>interpolatoris</strong></span> <span class='ocrx_word' id='word_1_201' title='bbox 1007 2845 1181 2926; x_wconf 77' lang='lat' dir='ltr'><strong>ignorantie</strong></span> <span class='ocrx_word' id='word_1_202' title='bbox 1203 2848 1321 2926; x_wconf 89' lang='lat' dir='ltr'><strong>proliu-</strong></span> 
     </span>
     <span class='ocr_line' id='line_1_24' title="bbox 223 2952 1318 3033; baseline 0.002 -16"><span class='ocrx_word' id='word_1_203' title='bbox 223 2954 318 3018; x_wconf 87' lang='lat' dir='ltr'><strong>xisse.</strong></span> <span class='ocrx_word' id='word_1_204' title='bbox 372 2952 544 3033; x_wconf 89' lang='lat' dir='ltr'><strong>Simplicius</strong></span> <span class='ocrx_word' id='word_1_205' title='bbox 579 2953 658 3015; x_wconf 90' lang='lat' dir='ltr'><strong>enim</strong></span> <span class='ocrx_word' id='word_1_206' title='bbox 692 2953 730 3029; x_wconf 86' lang='lat' dir='ltr'><strong>(l.</strong></span> <span class='ocrx_word' id='word_1_207' title='bbox 761 2954 829 3032; x_wconf 84' lang='lat'>178,</span> <span class='ocrx_word' id='word_1_208' title='bbox 855 2953 889 3029; x_wconf 82' lang='lat' dir='ltr'><strong>b)</strong></span> <span class='ocrx_word' id='word_1_209' title='bbox 921 2953 958 3016; x_wconf 81' lang='lat' dir='ltr'><strong>acl</strong></span> <span class='ocrx_word' id='word_1_210' title='bbox 992 2953 1093 3016; x_wconf 90' lang='lat' dir='ltr'><strong>locum</strong></span> <span class='ocrx_word' id='word_1_211' title='bbox 1123 2954 1213 3016; x_wconf 92' lang='lat' dir='ltr'><strong>istum</strong></span> <span class='ocrx_word' id='word_1_212' title='bbox 1241 2956 1318 3019; x_wconf 88' lang='lat' dir='ltr'><strong>haee</strong></span> 
     </span>
    </p>
   </div>
   <div class='ocr_carea' id='block_1_2' title="bbox 221 3056 1422 3144">
    <p class='ocr_par' dir='ltr' id='par_1_2' title="bbox 221 3056 1422 3144">
     <span class='ocr_line' id='line_1_25' title="bbox 221 3056 1422 3144; baseline -0.002 -17"><span class='ocrx_word' id='word_1_213' title='bbox 221 3065 316 3128; x_wconf 78' lang='lat' dir='ltr'><strong>verba</strong></span> <span class='ocrx_word' id='word_1_214' title='bbox 350 3063 494 3126; x_wconf 80' lang='lat' dir='ltr'><strong>tradidit:</strong></span> <span class='ocrx_word' id='word_1_215' title='bbox 521 3060 557 3124; x_wconf 77' lang='grc' dir='ltr'>Ὀ</span> <span class='ocrx_word' id='word_1_216' title='bbox 585 3063 619 3124; x_wconf 71' lang='lat' dir='ltr'><strong>te</strong></span> <span class='ocrx_word' id='word_1_217' title='bbox 643 3060 868 3144; x_wconf 77' lang='grc' dir='ltr'><strong><em>Πυθαγόρειος</em></strong></span> <span class='ocrx_word' id='word_1_218' title='bbox 890 3061 1014 3143; x_wconf 82' lang='grc' dir='ltr'><strong><em>Πάριον</em></strong></span> <span class='ocrx_word' id='word_1_219' title='bbox 1037 3058 1135 3124; x_wconf 80' lang='grc' dir='ltr'><strong><em>ἔοικεν</em></strong></span> <span class='ocrx_word' id='word_1_220' title='bbox 1169 3057 1251 3126; x_wconf 82' lang='grc' dir='ltr'><strong><em>εἶναι</em></strong></span> <span class='ocrx_word' id='word_1_221' title='bbox 1283 3056 1319 3127; x_wconf 68' lang='lat' dir='ltr'><strong>ol</strong></span> <span class='ocrx_word' id='word_1_222' title='bbox 1420 3117 1422 3124; x_wconf 16' lang='grc' dir='ltr'><em>Α</em></span> 
     </span>
    </p>
   </div>
   <div class='ocr_carea' id='block_1_3' title="bbox 220 3163 1318 4338">
    <p class='ocr_par' dir='ltr' id='par_1_3' title="bbox 220 3163 1318 4338">
     <span class='ocr_line' id='line_1_26' title="bbox 223 3163 1318 3258; baseline 0.003 -26"><span class='ocrx_word' id='word_1_223' title='bbox 223 3172 277 3233; x_wconf 82' lang='grc' dir='ltr'>καί</span> <span class='ocrx_word' id='word_1_224' title='bbox 299 3163 446 3252; x_wconf 79' lang='grc' dir='ltr'><strong><em>Εόόιγμος</em></strong></span> <span class='ocrx_word' id='word_1_225' title='bbox 476 3169 648 3248; x_wconf 81' lang='grc' dir='ltr'><strong><em>α’ναινόμως</em></strong></span> <span class='ocrx_word' id='word_1_226' title='bbox 671 3164 830 3254; x_wconf 67' lang='grc' dir='ltr'><strong><em>ἐμνήσθη,</em></strong></span> <span class='ocrx_word' id='word_1_227' title='bbox 855 3173 952 3251; x_wconf 84' lang='grc' dir='ltr'><strong><em>λέγων</em></strong></span> <span class='ocrx_word' id='word_1_228' title='bbox 974 3174 1008 3232; x_wconf 84' lang='grc' dir='ltr'><strong><em>ἐν</em></strong></span> <span class='ocrx_word' id='word_1_229' title='bbox 1029 3170 1181 3258; x_wconf 77' lang='grc' dir='ltr'><strong><em>Ὀλυμπόρι</em></strong></span> <span class='ocrx_word' id='word_1_230' title='bbox 1207 3175 1318 3252; x_wconf 80' lang='grc' dir='ltr'><strong><em>Σιμω-</em></strong></span> 
     </span>
     <span class='ocr_line' id='line_1_27' title="bbox 226 3275 1314 3363; baseline 0.002 -21"><span class='ocrx_word' id='word_1_231' title='bbox 226 3281 314 3343; x_wconf 71' lang='grc' dir='ltr'><strong><em>νίδου</em></strong></span> <span class='ocrx_word' id='word_1_232' title='bbox 341 3276 395 3340; x_wconf 82' lang='grc' dir='ltr'><strong><em>τόν</em></strong></span> <span class='ocrx_word' id='word_1_233' title='bbox 428 3275 543 3358; x_wconf 88' lang='grc' dir='ltr'><strong><em>χρόνον</em></strong></span> <span class='ocrx_word' id='word_1_234' title='bbox 576 3279 776 3351; x_wconf 86' lang='grc' dir='ltr'><strong><em>ἑπαινοόντος</em></strong></span> <span class='ocrx_word' id='word_1_235' title='bbox 807 3277 849 3350; x_wconf 73' lang='grc' dir='ltr'><strong>σός</strong></span> <span class='ocrx_word' id='word_1_236' title='bbox 881 3279 1130 3362; x_wconf 78' lang='grc' dir='ltr'><strong><em>σοφώτατον</em></strong></span> <span class='ocrx_word' id='word_1_237' title='bbox 1158 3278 1246 3363; x_wconf 83' lang='grc' dir='ltr'><strong><em>εἴπερ</em></strong></span> <span class='ocrx_word' id='word_1_238' title='bbox 1282 3285 1314 3344; x_wconf 86' lang='grc' dir='ltr'><strong><em>ἐν</em></strong></span> 
     </span>
     <span class='ocr_line' id='line_1_28' title="bbox 223 3381 1315 3474; baseline 0.005 -26"><span class='ocrx_word' id='word_1_239' title='bbox 223 3383 308 3474; x_wconf 68' lang='lat' dir='ltr'><strong>rurippi</strong></span> <span class='ocrx_word' id='word_1_240' title='bbox 329 3383 362 3448; x_wconf 86' lang='grc' dir='ltr'><strong><em>αἱ</em></strong></span> <span class='ocrx_word' id='word_1_241' title='bbox 391 3383 551 3467; x_wconf 74' lang='grc' dir='ltr'><strong><em>μαθήσεις</em></strong></span> <span class='ocrx_word' id='word_1_242' title='bbox 580 3385 716 3465; x_wconf 71' lang='grc' dir='ltr'><strong><em>γίνονται</em></strong></span> <span class='ocrx_word' id='word_1_243' title='bbox 751 3383 806 3447; x_wconf 69' lang='grc' dir='ltr'><strong><em>κατ’</em></strong></span> <span class='ocrx_word' id='word_1_244' title='bbox 829 3381 861 3448; x_wconf 81' lang='grc' dir='ltr'><strong><em>αἱ</em></strong></span> <span class='ocrx_word' id='word_1_245' title='bbox 893 3383 1107 3468; x_wconf 66' lang='grc' dir='ltr'><strong><em>σ’ναμνιγοεις,</em></strong></span> <span class='ocrx_word' id='word_1_246' title='bbox 1133 3388 1315 3472; x_wconf 83' lang='grc' dir='ltr'><strong><em>παρόντα</em></strong></span> 
     </span>
     <span class='ocr_line' id='line_1_29' title="bbox 225 3485 1316 3578; baseline 0.002 -19"><span class='ocrx_word' id='word_1_247' title='bbox 225 3493 291 3559; x_wconf 85' lang='grc' dir='ltr'><strong><em>τινά</em></strong></span> <span class='ocrx_word' id='word_1_248' title='bbox 317 3496 379 3559; x_wconf 83' lang='grc' dir='ltr'><strong><em>τιόυ</em></strong></span> <span class='ocrx_word' id='word_1_249' title='bbox 395 3495 503 3578; x_wconf 79' lang='grc' dir='ltr'><strong><em>σοφῶν</em></strong></span> <span class='ocrx_word' id='word_1_250' title='bbox 525 3493 632 3572; x_wconf 81' lang='grc' dir='ltr'><strong><em>εἰπεῖν,</em></strong></span> <span class='ocrx_word' id='word_1_251' title='bbox 655 3491 688 3554; x_wconf 79' lang='grc' dir='ltr'><strong>τί</strong></span> <span class='ocrx_word' id='word_1_252' title='bbox 706 3494 751 3574; x_wconf 78' lang='grc' dir='ltr'><strong>δέ,</strong></span> <span class='ocrx_word' id='word_1_253' title='bbox 774 3485 994 3578; x_wconf 67' lang='grc' dir='ltr'><strong><em>αι’Σιμοινιθρ,·</em></strong></span> <span class='ocrx_word' id='word_1_254' title='bbox 1015 3497 1069 3557; x_wconf 83' lang='grc' dir='ltr'><strong><em>σόν</em></strong></span> <span class='ocrx_word' id='word_1_255' title='bbox 1091 3497 1316 3561; x_wconf 78' lang='grc' dir='ltr'><strong><em>ἐπιλανθα-</em></strong></span> 
     </span>
     <span class='ocr_line' id='line_1_30' title="bbox 223 3601 1317 3690; baseline 0.005 -24"><span class='ocrx_word' id='word_1_256' title='bbox 223 3601 378 3680; x_wconf 79' lang='grc' dir='ltr'><strong><em>νόμεθο</em></strong></span> <span class='ocrx_word' id='word_1_257' title='bbox 398 3603 504 3680; x_wconf 79' lang='grc' dir='ltr'><strong><em>μέντοι</em></strong></span> <span class='ocrx_word' id='word_1_258' title='bbox 537 3603 570 3667; x_wconf 80' lang='grc' dir='ltr'><strong><em>ἐν</em></strong></span> <span class='ocrx_word' id='word_1_259' title='bbox 601 3603 645 3688; x_wconf 76' lang='grc' dir='ltr'><strong>τῷ</strong></span> <span class='ocrx_word' id='word_1_260' title='bbox 670 3601 772 3690; x_wconf 82' lang='grc' dir='ltr'><strong><em>χρόνῳ</em></strong></span> <span class='ocrx_word' id='word_1_261' title='bbox 782 3629 793 3682; x_wconf 89' lang='grc'><strong>,·</strong></span> <span class='ocrx_word' id='word_1_262' title='bbox 836 3605 910 3680; x_wconf 83' lang='lat' dir='ltr'><strong>Quis</strong></span> <span class='ocrx_word' id='word_1_263' title='bbox 941 3623 1003 3667; x_wconf 95' lang='lat' dir='ltr'><strong>non</strong></span> <span class='ocrx_word' id='word_1_264' title='bbox 1032 3606 1214 3688; x_wconf 80' lang='lat' dir='ltr'><strong>suspicetur,</strong></span> <span class='ocrx_word' id='word_1_265' title='bbox 1237 3609 1317 3672; x_wconf 87' lang='lat' dir='ltr'><strong>haec</strong></span> 
     </span>
     <span class='ocr_line' id='line_1_31' title="bbox 222 3711 1315 3797; baseline 0.005 -22"><span class='ocrx_word' id='word_1_266' title='bbox 222 3713 351 3790; x_wconf 87' lang='lat' dir='ltr'><strong>eundem</strong></span> <span class='ocrx_word' id='word_1_267' title='bbox 374 3711 424 3777; x_wconf 85' lang='lat' dir='ltr'><strong>uel</strong></span> <span class='ocrx_word' id='word_1_268' title='bbox 447 3711 637 3783; x_wconf 84' lang='lat' dir='ltr'><strong>consimilem</strong></span> <span class='ocrx_word' id='word_1_269' title='bbox 660 3711 793 3790; x_wconf 88' lang='lat' dir='ltr'><strong>prodere</strong></span> <span class='ocrx_word' id='word_1_270' title='bbox 816 3713 948 3791; x_wconf 86' lang='lat' dir='ltr'><strong>iontem,</strong></span> <span class='ocrx_word' id='word_1_271' title='bbox 973 3733 1012 3776; x_wconf 81' lang='lat' dir='ltr'><strong>ex</strong></span> <span class='ocrx_word' id='word_1_272' title='bbox 1033 3733 1112 3795; x_wconf 89' lang='lat' dir='ltr'><strong>quo,</strong></span> <span class='ocrx_word' id='word_1_273' title='bbox 1137 3734 1215 3796; x_wconf 86' lang='lat' dir='ltr'><strong>quae</strong></span> <span class='ocrx_word' id='word_1_274' title='bbox 1236 3717 1315 3797; x_wconf 88' lang='lat' dir='ltr'><strong>apud</strong></span> 
     </span>
     <span class='ocr_line' id='line_1_32' title="bbox 220 3819 1315 3905; baseline 0 -19"><span class='ocrx_word' id='word_1_275' title='bbox 220 3820 419 3886; x_wconf 86' lang='lat' dir='ltr'><strong>Aristotelem</strong></span> <span class='ocrx_word' id='word_1_276' title='bbox 441 3819 599 3901; x_wconf 83' lang='lat' dir='ltr'><strong>leguntur,</strong></span> <span class='ocrx_word' id='word_1_277' title='bbox 630 3820 843 3884; x_wconf 78' lang='lat' dir='ltr'><strong>manaverint?</strong></span> <span class='ocrx_word' id='word_1_278' title='bbox 885 3821 961 3886; x_wconf 87' lang='lat' dir='ltr'><strong>Nam</strong></span> <span class='ocrx_word' id='word_1_279' title='bbox 992 3823 1057 3885; x_wconf 80' lang='lat' dir='ltr'><strong>lueri</strong></span> <span class='ocrx_word' id='word_1_280' title='bbox 1088 3823 1179 3886; x_wconf 89' lang='lat' dir='ltr'><strong>laeile</strong></span> <span class='ocrx_word' id='word_1_281' title='bbox 1208 3827 1315 3905; x_wconf 88' lang='lat' dir='ltr'><strong>potuit,</strong></span> 
     </span>
     <span class='ocr_line' id='line_1_33' title="bbox 221 3925 1315 4014; baseline 0.004 -22"><span class='ocrx_word' id='word_1_282' title='bbox 221 3936 255 3992; x_wconf 90' lang='lat' dir='ltr'><strong>ut</strong></span> <span class='ocrx_word' id='word_1_283' title='bbox 288 3929 355 4014; x_wconf 90' lang='lat' dir='ltr'><strong>quis</strong></span> <span class='ocrx_word' id='word_1_284' title='bbox 389 3929 538 4006; x_wconf 89' lang='lat' dir='ltr'><strong>interpres</strong></span> <span class='ocrx_word' id='word_1_285' title='bbox 568 3925 679 4010; x_wconf 83' lang='grc' dir='ltr'><strong><em>παρόν</em></strong></span> <span class='ocrx_word' id='word_1_286' title='bbox 713 3931 902 4010; x_wconf 79' lang='lat' dir='ltr'><strong>participium</strong></span> <span class='ocrx_word' id='word_1_287' title='bbox 933 3950 990 4012; x_wconf 89' lang='lat' dir='ltr'><strong>pro</strong></span> <span class='ocrx_word' id='word_1_288' title='bbox 1023 3932 1146 3994; x_wconf 88' lang='lat' dir='ltr'><strong>nomine</strong></span> <span class='ocrx_word' id='word_1_289' title='bbox 1179 3933 1315 3997; x_wconf 87' lang='lat' dir='ltr'><strong>haberet.</strong></span> 
     </span>
     <span class='ocr_line' id='line_1_34' title="bbox 223 4035 1316 4124; baseline -0.002 -24"><span class='ocrx_word' id='word_1_290' title='bbox 223 4039 311 4112; x_wconf 83' lang='lat' dir='ltr'><strong>Quod</strong></span> <span class='ocrx_word' id='word_1_291' title='bbox 334 4037 470 4100; x_wconf 81' lang='lat' dir='ltr'><strong>senllens</strong></span> <span class='ocrx_word' id='word_1_292' title='bbox 493 4037 666 4118; x_wconf 74' lang='lat' dir='ltr'><strong>Simplicius</strong></span> <span class='ocrx_word' id='word_1_293' title='bbox 691 4037 744 4101; x_wconf 77' lang='lat' dir='ltr'><strong>nul</strong></span> <span class='ocrx_word' id='word_1_294' title='bbox 766 4035 898 4120; x_wconf 77' lang='grc' dir='ltr'><strong><em>μήποτε,</em></strong></span> <span class='ocrx_word' id='word_1_295' title='bbox 921 4041 1027 4120; x_wconf 86' lang='lat' dir='ltr'><strong>inquil,</strong></span> <span class='ocrx_word' id='word_1_296' title='bbox 1053 4039 1107 4100; x_wconf 73' lang='grc' dir='ltr'><strong><em>κατ’</em></strong></span> <span class='ocrx_word' id='word_1_297' title='bbox 1129 4039 1215 4122; x_wconf 85' lang='grc' dir='ltr'><strong><em>παρά</em></strong></span> <span class='ocrx_word' id='word_1_298' title='bbox 1231 4043 1316 4124; x_wconf 85' lang='grc' dir='ltr'><strong><em>Ἀρι.</em></strong></span> 
     </span>
     <span class='ocr_line' id='line_1_35' title="bbox 222 4140 1317 4232; baseline 0.004 -23"><span class='ocrx_word' id='word_1_299' title='bbox 222 4148 358 4209; x_wconf 83' lang='grc' dir='ltr'><strong><em>στστέλει</em></strong></span> <span class='ocrx_word' id='word_1_300' title='bbox 383 4147 415 4207; x_wconf 84' lang='grc' dir='ltr'><strong><em>ἐν</em></strong></span> <span class='ocrx_word' id='word_1_301' title='bbox 435 4147 479 4232; x_wconf 74' lang='grc' dir='ltr'><strong>τῷ</strong></span> <span class='ocrx_word' id='word_1_302' title='bbox 511 4140 547 4228; x_wconf 75' lang='lat' dir='ltr'><strong>„cl</strong></span> <span class='ocrx_word' id='word_1_303' title='bbox 579 4147 614 4209; x_wconf 74' lang='grc' dir='ltr'><strong>δὲ</strong></span> <span class='ocrx_word' id='word_1_304' title='bbox 637 4146 765 4226; x_wconf 75' lang='lat' dir='ltr'><strong>(quisl)</strong></span> <span class='ocrx_word' id='word_1_305' title='bbox 790 4147 1015 4228; x_wconf 79' lang='grc' dir='ltr'><strong><em>Πυθαγόρειος</em></strong></span> <span class='ocrx_word' id='word_1_306' title='bbox 1037 4158 1168 4226; x_wconf 57' lang='grc' dir='ltr'><strong><em>παρωιέ(</em></strong></span> <span class='ocrx_word' id='word_1_307' title='bbox 1198 4148 1231 4211; x_wconf 86' lang='grc' dir='ltr'><strong>τό</strong></span> <span class='ocrx_word' id='word_1_308' title='bbox 1255 4177 1317 4213; x_wconf 89' lang='grc' dir='ltr'><strong><em>πα-</em></strong></span> 
     </span>
     <span class='ocr_line' id='line_1_36' title="bbox 221 4245 1315 4338; baseline 0.006 -24"><span class='ocrx_word' id='word_1_309' title='bbox 221 4273 286 4334; x_wconf 86' lang='grc' dir='ltr'><strong><em>ροιν</em></strong></span> <span class='ocrx_word' id='word_1_310' title='bbox 309 4251 367 4318; x_wconf 83' lang='grc' dir='ltr'><strong>ουίι</strong></span> <span class='ocrx_word' id='word_1_311' title='bbox 389 4247 469 4318; x_wconf 81' lang='grc' dir='ltr'><strong><em>εἶναι</em></strong></span> <span class='ocrx_word' id='word_1_312' title='bbox 493 4245 591 4336; x_wconf 79' lang='grc' dir='ltr'><strong><em>’ὄνομα</em></strong></span> <span class='ocrx_word' id='word_1_313' title='bbox 616 4250 725 4335; x_wconf 85' lang='grc' dir='ltr'><strong><em>κόριον</em></strong></span> <span class='ocrx_word' id='word_1_314' title='bbox 749 4245 829 4314; x_wconf 87' lang='grc' dir='ltr'><strong><em>α’λλό</em></strong></span> <span class='ocrx_word' id='word_1_315' title='bbox 848 4251 989 4332; x_wconf 74' lang='grc' dir='ltr'><strong><em>μετοχάυ</em></strong></span> <span class='ocrx_word' id='word_1_316' title='bbox 1015 4265 1076 4331; x_wconf 80' lang='lat' dir='ltr'><strong>(se.</strong></span> <span class='ocrx_word' id='word_1_317' title='bbox 1102 4253 1315 4338; x_wconf 70' lang='grc' dir='ltr'><strong><em>ὑπολαμβάνοι</em></strong></span> 
     </span>
    </p>
   </div>
   <div class='ocr_carea' id='block_1_4' title="bbox 0 0 1460 4698">
    <p class='ocr_par' dir='ltr' id='par_1_4' title="bbox 0 0 1460 4698">
     <span class='ocr_line' id='line_1_37' title="bbox 0 0 1460 4698; baseline 0 0"><span class='ocrx_word' id='word_1_318' title='bbox 0 0 1460 4698; x_wconf 95' lang='lat' dir='ltr'><strong> </strong></span> 
     </span>
    </p>
   </div>
  </div>
 </body>
</html>
