2910 4698
573 246 794 308 -ta—.

128 419 166 486 ab
189 417 284 487 altera
306 423 394 502 parte
414 419 508 488 animi
527 420 617 486 ideae
631 419 664 486 in
681 419 850 502 phantasia
871 423 1014 506 imaginis
1035 430 1151 490 vestem
1173 426 1225 490 in-

128 528 224 594 duunt
254 534 491 612 constanterque
521 529 627 596 ordiar
658 532 820 610 temporati
849 540 1084 614 comparantur,
1116 535 1226 620 dispo..

7 687 8 696 ,
129 643 251 715 nuntur,
275 638 502 717 consociantur,
525 645 715 719 separantur.
760 642 845 718 Quae
865 642 988 722 quidem
1009 642 1121 724 duplex
1134 644 1224 724 spatii

128 746 333 832 temporisque
353 748 431 812 ratio
465 747 504 808 ob
536 748 747 814 conscientiae
769 768 879 812 nexum
908 757 938 814 et
967 753 1113 816 unitatem
1145 752 1223 819 adeo

128 837 311 924 conciliatur
333 862 363 919 et
383 874 442 928 uua
467 856 515 936 iit,
536 863 569 921 ut
590 857 684 923 altera
707 858 793 922 alteri
816 860 932 922 serviat
956 860 1056 940 sitque
1080 861 1224 926 arctissi-

127 984 209 1034 mum
230 966 310 1029 inter
330 971 487 1050 utramque
507 969 735 1032 commercium.
780 967 914 1032 Tandem
935 986 999 1032 non
1017 975 1065 1034 est
1083 977 1223 1049 praeter-

126 1075 315 1156 mittcndum,
339 1081 526 1141 cincturam
548 1076 580 1141 in
601 1076 724 1144 homine
747 1077 904 1140 consciam
920 1077 986 1142 fieri
1004 1079 1052 1142 sui
1074 1080 1220 1163 temporis

127 1202 164 1248 ac
178 1184 279 1266 spatii,
302 1190 332 1250 et
353 1184 484 1252 animum
500 1185 663 1249 adiuvante
676 1192 784 1253 natura
799 1204 837 1250 eo
859 1187 1033 1267 pervenire,
1057 1195 1090 1253 ιιι
1103 1189 1235 1276 utrius-⁴

127 1307 186 1372 que
211 1292 354 1374 torporis
375 1300 405 1356 ct
421 1293 515 1374 spatii
533 1312 716 1363 commanem
737 1294 887 1358 actionem
908 1295 1042 1378 effingat.

619 1541 649 1609 S.
680 1535 727 1597 10.

368 1681 433 1748 oet
455 1685 637 1748 existentia
658 1683 816 1766 baiasque
837 1679 977 1763 formae.

225 1841 370 1920 Animus,
393 1848 427 1903 ut
448 1840 561 1906 dictum
585 1860 601 1903 a
623 1841 712 1906 nobis
741 1858 832 1922 supra
856 1845 922 1918 est,
946 1840 993 1904 sui
1024 1841 1167 1906 conscius
1189 1840 1222 1908 tit

125 1951 146 2013 i.
170 1970 198 2014 e.
222 1970 261 2016 ex
289 1951 445 2016 indefinita
476 1952 506 2012 in
540 1950 694 2014 definitam
728 1949 936 2014 conditionem
968 1949 1128 2015 deducitur
1159 1950 1221 2014 alio

126 2068 261 2124 auctore.
305 2061 371 2134 Quo
394 2060 445 2138 tn,
472 2066 505 2121 ut
535 2060 745 2124 conscientiae
774 2078 848 2122 suae
880 2059 1037 2120 rotationis
1073 2059 1220 2142 cogitatio

124 2169 284 2234 inhaereat
300 2168 365 2232 sive
386 2173 418 2230 ut
438 2187 472 2232 se
494 2167 665 2239 rotaticum,
688 2184 749 2226 non
771 2165 941 2231 ubsoiattnn
962 2185 1058 2246 nepae
1075 2185 1128 2228 eras
1148 2186 1168 2229 a
1187 2186 1221 2234 sa

126 2297 196 2347 esse
219 2279 306 2342 sciat.
351 2277 444 2340 Simul
461 2295 536 2344 vcro
563 2293 653 2356 quum
674 2294 709 2339 se
732 2294 799 2338 csse
821 2276 938 2340 animus
961 2275 1102 2355 affirmet,
1124 2275 1220 2340 abso..

125 2389 218 2452 iatam
241 2405 311 2449 esse
332 2393 427 2465 turpet,
451 2385 555 2448 iacere
576 2403 638 2447 non
658 2391 767 2466 potest,
794 2386 876 2469 quin,
901 2384 1029 2463 repetita
1049 2385 1217 2469 turpatione,

126 2513 179 2556 ens
201 2492 386 2566 absolutam,
408 2493 488 2573 quod
509 2510 568 2574 por
589 2511 624 2554 se
646 2499 676 2554 et
696 2511 715 2553 a
736 2511 770 2554 se
791 2494 847 2571 sit,
870 2512 977 2557 revera
1002 2512 1072 2556 esse
1092 2494 1218 2575 cogitet.

124 2603 193 2670 Non
217 2607 317 2685 potest
339 2602 418 2666 enim
443 2602 560 2666 animus
583 2602 714 2666 absoluti
738 2603 816 2664 entis
839 2603 1007 2664 caetitatem
1031 2619 1157 2685 negare,
1180 2620 1220 2666 no

124 2711 289 2792 suiipsius
316 2711 504 2791 realitatem,
535 2728 661 2795 prorsus
692 2712 876 2794 pendentem
907 2731 946 2774 ex
975 2711 1048 2790 itta,
1072 2719 1220 2794 perneget

124 2827 215 2902 atque
237 2821 331 2886 tollat.
376 2821 582 2896 Quamobrem
604 2821 747 2901 quoniam
770 2840 881 2884 revera
904 2826 951 2886 est
976 2839 1030 2885 ens
1047 2821 1219 2890 absolutum
1286 2805 1293 2816 ⁸

123 2939 196 3008 (eus
221 2948 239 2992 a
266 2947 321 3007 se,
351 2927 478 3006 ἁπλῶς,
506 2930 579 2992 Seiu
602 2929 849 3012 schlecbtwcp),
883 2930 1058 3008 quaeritur,
1092 2930 1218 3010 quidet

122 3037 278 3122 quomodo
300 3037 348 3100 sit.
393 3038 426 3104 ιιι
449 3043 555 3102 natura
580 3035 670 3103 situm
698 3054 767 3102 esse
797 3034 902 3118 nequit
929 3042 1053 3118 propter
1081 3041 1217 3115 apertam

122 3149 222 3226 huius,
244 3147 282 3210 de
305 3162 363 3227 qua
384 3146 508 3210 uberius
530 3162 621 3226 supra
644 3145 844 3225 disceptatum
867 3150 923 3222 est,
946 3144 1060 3208 finitam
1082 3143 1217 3209 indolem

125 3265 157 3321 et
177 3241 402 3326 relativitnteml
442 3255 506 3316 Nec
528 3254 595 3340 plus
621 3254 843 3336 probabilitatis
874 3273 909 3318 ea
941 3253 1033 3316 babet
1054 3255 1216 3333 sententia,

124 3385 203 3449 quae
225 3365 395 3430 absolutum
419 3381 473 3425 ens
499 3365 619 3426 tortium
644 3364 795 3446 quoddam
819 3363 979 3438 asseruit,
1002 3363 1088 3425 cuius
1110 3369 1217 3426 natura

125 3479 303 3556 animusque
334 3473 545 3554 pthoenomeua
575 3474 644 3536 sint.
696 3474 772 3540 Num
803 3476 1016 3551 praeterquam
1049 3469 1130 3552 quod
1160 3487 1215 3532 ens

125 3585 295 3653 absolutum
317 3583 408 3648 finitis
430 3600 465 3647 se
487 3580 683 3646 manifestare
709 3579 931 3660 phaenomeois
955 3579 1080 3658 nequit,
1104 3578 1217 3658 cogni-

123 3702 184 3766 tum
207 3693 371 3771 babemus,
396 3699 555 3774 utrumque
578 3688 660 3755 iilum
683 3705 739 3772 per
761 3705 796 3752 sc
819 3688 878 3753 iam
902 3703 972 3752 esse
1002 3685 1117 3750 realem
1140 3686 1216 3750 sub-

123 3803 265 3869 stantiam
288 3818 414 3880 camque
438 3799 614 3877 relativam,
639 3816 715 3881 quae
739 3794 908 3864 absolutam
932 3795 980 3858 sui
1008 3813 1132 3861 causam
1158 3813 1217 3876 po·
1266 3789 1269 3799 '

131 3967 416 3982 -n--u—-u
656 3943 677 3982 ο

123 4070 199 4123 anim.
220 4068 241 4132 1,
261 4068 290 4121 9:
320 4063 499 4136 βουλευτικόν
521 4063 550 4118 δὲ
574 4063 665 4135 μόνον
690 4029 845 4135 riadpmno's
871 4063 931 4118 iura
957 4067 1013 4118 τῶν
1041 4060 1128 4130 ζώων.
1165 4066 1213 4116 reat

120 4163 230 4239 μνήμης
245 4165 298 4235 μιν
319 4168 366 4220 aai
386 4161 499 4234 διδαχῆς
519 4152 604 4216 notio*
626 4171 772 4223 κοινωνεῖ·
801 4159 1156 4236 ἀναμιμνήσκεσθαι
1182 4158 1213 4216 ,δὲ

121 4257 205 4320 attin
225 4256 290 4340 vitia
309 4257 427 4324 ditarat
447 4253 521 4332 aiio
539 4253 705 4343 sintpertus·
735 4337 737 4344 y
803 4337 806 4340 Ι
929 4333 936 4341 Δ
963 4297 992 4342 ..2
1039 4334 1044 4342 Ι
1229 4308 1235 4342 ·.
