2910 4698
641 267 852 324 „eo-

202 443 312 525 spatio,
334 463 432 507 meam
456 444 533 526 sugit
556 450 586 506 et
608 445 773 526 cuiusque,
797 444 923 524 opinor,
944 443 1198 524 intelligentiam,
1220 441 1295 521 quiu

202 559 252 616 aut
275 555 452 632 criticismi,
477 571 565 634 quem
589 561 719 632 vocant,
745 561 796 617 aut
819 553 1027 617 materialismi
1058 551 1211 632 profunda
1233 550 1295 612 ob-

201 668 343 726 caecatus
365 665 405 725 sit
427 663 570 745 caligine.
615 665 676 728 Sed
698 665 757 726 iam
783 664 895 726 sufficit
918 663 995 725 haec
1025 663 1162 744 attigisse
1180 661 1292 740 potius,

201 789 289 853 quam
312 790 380 835 cum
400 772 571 852 pulvisculo
596 773 785 850 exhausisse,
808 759 962 852 quoniam,
985 773 1012 834 si
1033 772 1100 850 quis
1116 771 1217 831 omnia
1233 769 1292 831 huo

201 881 372 961 spectantia
395 899 566 963 congerere
592 881 699 959 vellet,
730 881 880 961 prolixam
904 899 979 961 opus
1008 886 1091 944 esset
1118 885 1295 940 cunctarum

201 991 295 1053 animi
326 991 545 1072 cogitationum
570 991 738 1053 ubertatem
771 992 916 1054 excitare.
970 990 1130 1053 Praeterea
1159 986 1294 1069 pluribus

201 1118 241 1164 ne
264 1117 339 1180 opus
372 1100 492 1180 quidem
524 1118 593 1162 esse
625 1100 814 1163 documentis
840 1100 980 1178 confide,
1003 1105 1035 1162 ιιι
1056 1099 1193 1175 eluceat,
1225 1097 1295 1159 ani-

202 1226 299 1285 mum,
323 1209 349 1270 si
372 1208 503 1271 localem
524 1209 709 1290 negaveris,
732 1215 878 1289 perpetuo
906 1209 986 1272 adeo
1016 1207 1126 1292 agitari
1157 1205 1292 1284 flumine,

201 1316 275 1380 nihil
299 1323 330 1380 ut
355 1335 412 1380 nec
436 1317 675 1397 comprehendat
694 1323 816 1398 practer
844 1324 1022 1397 praesentes
1054 1333 1188 1396 quasque
1218 1314 1296 1378 alle-

203 1427 324 1488 ctiones
357 1443 414 1488 nec
450 1426 703 1506 comprehensum
738 1432 840 1488 teneat
868 1445 926 1488 nec
958 1425 1089 1505 denique
1121 1424 1294 1504 exquirere,

202 1534 388 1613 deliberare,
412 1537 603 1615 perpendere
635 1554 690 1598 seu
715 1536 868 1597 communi
900 1553 966 1596 cum
999 1534 1065 1598 aliis
1096 1533 1294 1596 meditatione

200 1643 340 1724 pervolui
363 1649 461 1722 queat.
514 1645 568 1706 Est
597 1645 690 1725 igitur
720 1643 837 1705 animus
869 1662 923 1723 per
953 1662 987 1706 se
1019 1644 1135 1722 absque
1162 1657 1294 1722 corpore

200 1758 353 1832 spectatus
379 1754 523 1832 temporis
555 1760 584 1816 et
610 1755 699 1834 spatii
722 1754 819 1816 torma
851 1754 973 1815 vivente
1002 1752 1179 1833 praeditus,
1196 1753 1293 1831 'quam

202 1878 264 1922 non
287 1860 385 1922 solum
408 1862 459 1940 qui
484 1879 552 1923 cum
576 1881 707 1942 corpore
736 1867 805 1923 sunt
829 1861 984 1943 coniugali
1007 1868 1148 1941 tanquam
1171 1853 1317 1920 vinculo'

201 1970 312 2047 iuncti,
344 1969 515 2032 sedetiam
544 1973 595 2051 qui
623 1973 690 2052 puri
714 1977 863 2034 vocantur
893 1972 1034 2052 spiritus,
1060 1971 1213 2034 exhibent.
1259 1969 1294 2030 ln

203 2096 279 2158 quos
300 2079 414 2158 pariter
437 2086 466 2140 et
485 2079 614 2142 localem
631 2087 660 2142 et
682 2080 878 2160 temporalem
901 2080 1013 2142 cudere
1029 2079 1178 2142 rationem
1201 2096 1294 2158 prae-

201 2193 248 2249 ter
275 2187 351 2251 duas
385 2190 538 2252 essentiae
571 2191 776 2270 apparitiones
809 2189 838 2249 id
872 2206 992 2268 quoque
1023 2194 1202 2270 argumento
1233 2194 1290 2266 est,

202 2299 281 2378 quod
306 2317 396 2380 quum
421 2299 644 2380 singultirent
669 2298 807 2380 singulos
837 2299 970 2360 existunt
998 2304 1059 2360 tum
1090 2304 1191 2360 mutuo
1222 2315 1292 2361 sese

200 2407 336 2470 afficiunt
357 2409 478 2486 vimque
502 2408 532 2468 in
556 2426 591 2468 se
613 2408 745 2470 invicem
770 2413 925 2470 exercent.

301 2517 336 2596 6)
360 2519 551 2597 Quapropter
574 2518 673 2580 evicta
703 2519 763 2580 iam
785 2518 1000 2598 persuasione,
1025 2518 1143 2579 animos
1165 2517 1196 2579 iu
1219 2516 1293 2579 viri.

199 2629 257 2690 bus
280 2627 460 2690 exserendis
483 2628 546 2689 suis
570 2634 598 2690 et
620 2628 765 2706 temporis
796 2627 928 2706 prodere
948 2613 983 2687 'et
1012 2625 1100 2706 spatii
1130 2627 1291 2705 rationem,

199 2742 316 2824 restat,
338 2742 371 2796 ut
395 2736 432 2796 ad
464 2735 552 2797 aliam
585 2737 723 2798 omnibus
756 2754 853 2816 paene
887 2737 1035 2799 aetatibus
1067 2736 1294 2799 vexatissimam
1377 2766 1379 2769 v

201 2845 383 2908 accedamus
406 2845 625 2924 quaestionem.
671 2845 830 2918 Quomodo
852 2845 884 2906 tn
906 2846 1002 2924 enim,
1025 2852 1059 2907 ut
1079 2844 1164 2907 ideas
1187 2845 1292 2906 notio-

200 2971 304 3032 nesve,
329 2956 355 3016 si
379 2972 453 3034 quas
480 2954 636 3031 habemus
662 2955 700 3016 de
724 2962 859 3034 tempore
881 2975 917 3017 ac
941 2955 1039 3036 spatio
1064 2960 1228 3034 conceptas
1252 2953 1290 3016 ad

198 3082 249 3125 res
274 3069 417 3127 externas
446 3065 640 3125 conteramus
663 3070 693 3125 et
722 3063 903 3125 conserendi
933 3063 1075 3126 facultate
1099 3062 1292 3142 polleamus?

198 3171 230 3232 ln
253 3189 310 3251 qua
335 3153 514 3250 quaestione
537 3173 716 3250 explicanda
735 3190 771 3234 eo
795 3174 928 3234 nituntur
951 3174 1064 3252 omnia,
1087 3179 1119 3234 ut
1139 3173 1195 3234 sub
1213 3188 1291 3234 voce

198 3279 371 3358 ,lucanum
394 3297 471 3359 quac
494 3279 685 3341 subiicienda
707 3281 746 3341 sit
767 3282 917 3343 sententia
935 3289 1084 3345 cernatur.
1129 3281 1292 3344 Verumta-

198 3407 265 3450 men
288 3389 317 3450 id
344 3389 408 3468 ipsa
435 3405 492 3450 nos
524 3388 714 3451 conscientia
746 3389 885 3453 edoceat.
940 3393 1023 3454 Haec
1055 3392 1133 3454 enim
1169 3391 1228 3452 duo
1260 3395 1291 3450 et
1344 3453 1349 3465 ,

198 3499 320 3578 quidem
354 3498 564 3559 diversissima
600 3497 690 3560 habet
724 3501 942 3581 cogitationum
975 3519 1101 3582 genera.
1159 3501 1292 3574 Quarum

198 3607 277 3669 aliae
301 3626 317 3668 a
342 3605 482 3668 sensibus
512 3607 698 3685 repetendae
724 3625 760 3669 eo
785 3615 873 3688 pacto
899 3610 1084 3688 formantur,
1107 3615 1140 3670 ut
1162 3625 1293 3688 compo-

198 3714 298 3776 nendo
323 3720 352 3777 et
375 3714 598 3794 comparand0,
620 3734 698 3796 quae
724 3718 755 3779 in
773 3718 903 3800 singulis
926 3717 1017 3780 rebus
1048 3718 1154 3780 eadem
1179 3717 1292 3798 depre-

198 3823 376 3900 hendimus,
400 3842 417 3884 a
441 3826 552 3886 ceteris
582 3843 727 3905 separare
757 3834 786 3888 et
816 3827 916 3888 animo
945 3845 1113 3909 reponere,
1137 3845 1215 3906 quae
1240 3826 1291 3887 di-

197 3952 304 4010 versa,
329 3933 460 3994 reiicere
483 3953 518 3996 ac
541 3953 703 3997 removere
721 3939 760 4009 ¹⁹)
783 3936 968 3998 studeamus.
1013 3937 1147 4010 Quorum
1175 3935 1225 3996 illa
1255 3940 1288 3996 ut

199 4047 462 4063 ψ

301 4091 344 4154 litt
367 4089 501 4153 „Reiiccre
521 4099 551 4136 ac
573 4092 723 4135 removeret
744 4100 821 4152 quum
846 4085 913 4149 dico,
933 4100 983 4136 nou
1004 4087 1091 4153 cogito
1111 4087 1143 4138 de
1163 4100 1291 4139 amoven-

195 4183 233 4234 dis
252 4185 354 4250 ponitus
373 4183 579 4248 abiiciendisque
595 4180 705 4246 singulis
724 4179 777 4232 illis
797 4180 955 4244 visionibus3
978 4197 1036 4232 uam
1056 4189 1177 4250 tanquam
1196 4185 1289 4250 siugu-

196 4279 237 4332 lae
255 4283 439 4350 perceptiones
459 4279 575 4348 perbene
594 4279 619 4331 in
638 4279 761 4332 memoria
780 4287 879 4346 queunt
898 4277 998 4332 servari
1017 4292 1048 4330 ac
1067 4279 1183 4335 retineri.

1444 1389 1449 1444 ι

1441 1508 1447 1586 l

1442 1595 1446 1683 l

1443 1692 1446 1789 ι

1440 1824 1446 1904 ι
