2910 4698
678 275 886 348 ..30-

236 459 338 524 locum
362 457 478 523 habere
501 454 636 537 speciem
659 453 808 545 quandam
829 454 947 524 formae
982 469 1019 518 ao
1040 450 1199 527 materiae,
1220 449 1252 512 io
1273 466 1336 512 non

239 587 278 632 cx
299 568 394 648 ipsius
409 566 621 648 persuasione,
645 563 733 636 sede
755 561 840 644 vulgi
862 560 1012 632 sententia
1029 559 1153 640 profert,
1176 564 1208 623 ut
1230 566 1338 623 osten·-

237 679 299 757 dat‚
324 683 435 760 quanta
459 694 534 761 opus
556 677 595 745 sit
617 676 649 737 in
671 675 742 744 loco
766 673 998 755 contemplando
1026 672 1184 754 diligentia
1207 678 1236 736 ct
1259 671 1338 736 sult-

235 787 351 859 tilitate
397 787 512 871 Quibus
535 787 562 848 si
584 784 773 863 adiunxeris,
799 801 877 864 quae
893 783 1021 864 plurima
1044 789 1174 863 exstant,
1196 783 1338 874 testimo-

235 898 287 959 nia
308 896 436 976 spatium
459 901 656 977 segregatum
679 911 749 956 esse
774 911 791 954 a
812 893 891 955 mole
914 909 1076 973 corporea,
1098 891 1220 952 vixdum
1244 867 1338 952 dubi-

235 1006 323 1083 tabis,
348 1005 421 1100 quin
443 1003 627 1066 Aristoteles
658 1004 761 1066 locum
783 1002 1011 1064 substantialem
1043 1000 1213 1082 negaverit,
1236 1005 1337 1062 mate-

205 1123 206 1128 ’
236 1116 313 1178 riam
347 1129 423 1176 vero
459 1127 580 1193 semper
609 1113 638 1174 ei
673 1112 841 1175 subiectam
873 1129 944 1174 esse
968 1111 1132 1180 censuerit.
1174 1109 1337 1180 Accedunt
1441 1172 1443 1176 ,

235 1225 295 1288 huc
317 1223 376 1294 alia
399 1221 553 1298 nonnulla.
609 1223 684 1296 Nam
718 1239 808 1302 quum
839 1221 925 1283 locus
953 1221 994 1283 sit
1013 1226 1165 1282 extremus
1189 1219 1336 1281 terminus

241 1331 426 1404 continentis
448 1331 605 1412 corporis,
637 1331 728 1404 facile
751 1332 781 1404 in
811 1331 890 1394 hanc
911 1329 1018 1410 aliquis
1043 1329 1224 1397 sententiam
1247 1328 1337 1390 duci-

238 1450 297 1519 tur,
315 1448 349 1504 ut
371 1426 553 1522 existimat,'
570 1459 638 1503 eum
660 1447 710 1502 aut
732 1441 861 1504 sonulam
885 1457 955 1506 esse
979 1438 1126 1518 'corporis
1149 1445 1200 1506 aut
1222 1454 1335 1500 meram

241 1550 475 1631 contemplantis
509 1549 602 1612 animi
625 1549 816 1612 relationem.
861 1549 912 1612 Sic
933 1549 1013 1609 enim
1037 1548 1076 1610 da
1098 1547 1186 1628 coelo
1201 1547 1248 1624 IV,
1269 1565 1295 1608 c.
1317 1546 1336 1609 3

234 1661 382 1743 legimus:
406 1655 445 1721 τά
483 1660 511 1720 δ”
545 1659 589 1731 εἰς
621 1656 675 1720 τὸν
708 1657 807 1721 αὑτοῦ
837 1657 933 1719 τόπον
966 1657 1123 1740 φέρεσθαι
1153 1658 1282 1718 ἕκαστον
1302 1650 1335 1718 τὸ

236 1773 295 1842 εἰς
329 1767 369 1830 τὸ
399 1749 523 1831 aaron
549 1759 658 1840 εἶδός
685 1769 750 1829 ἐστι
777 1768 943 1848 φέρεσθαι,
977 1771 1007 1826 cl
1027 1764 1158 1826 ibidem:
1182 1763 1250 1825 snei
1272 1757 1334 1824 δ’ὁ

236 1876 331 1968 τόπος
361 1878 427 1940 ἐστι’
447 1877 480 1939 τὸ
502 1878 561 1937 τοῦ
591 1876 790 1955 περιέχοντος
821 1877 937 1954 πέρας,
958 1878 1097 1954 περιέχει
1120 1874 1153 1934 δὲ
1177 1869 1278 1933 πάντα
1297 1866 1334 1933 τὰ

241 1983 409 2064 κινούμενα
430 1978 497 2047 ἄνω
519 1983 574 2046 καί
595 1979 678 2045 κάτω
701 1982 734 2048 τό
758 2005 792 2044 τε
815 1980 949 2063 ἔσχατον
977 1984 1031 2044 καί
1059 1979 1094 2047 τὸ
1119 1982 1225 2060 μέσον,
1249 1982 1337 2043 τοῦτο

237 2097 272 2162 δὲ
294 2093 444 2175 τρόπον
467 2089 557 2164 τινοὶ
582 2093 761 2174 γίγνεται
783 2090 822 2157 τὸ
848 2085 955 2161 εἶδος
975 2091 1032 2152 τοῦ
1053 2092 1278 2170 περιεχομένου

238 2197 290 2266 οἴετ’
311 2199 373 2284 γάρ
406 2199 440 2264 τό
477 2199 634 2282 ἀνώτερον
664 2197 743 2281 πρὸς
778 2201 813 2262 τὸ
839 2198 894 2282 ὑφ’
925 2193 1004 2260 αὑτὸ
1028 2195 1075 2276 ὥς
1106 2190 1213 2268 εἶδος
1243 2197 1337 2276 πρὸς

235 2305 349 2394 ἕλην,
373 2305 475 2385 οὕτως
499 2306 566 2390 ἔχει
590 2307 668 2390 πρὸς
690 2301 820 2388 ἄλληλα,
846 2313 875 2368 ot
907 2307 1039 2386 denique
1062 2324 1088 2374 ο.
1112 2309 1151 2376 4:
1174 2303 1223 2368 διὸ
1248 2307 1338 2368 τοῦτο

235 2420 303 2483 ἐστί
323 2443 350 2482 τι
375 2422 429 2482 κατ’
444 2411 520 2481 ἄλλο
543 2415 628 2497 βαρύ
645 2419 699 2478 καί
720 2420 846 2500 κοῦφον,
869 2409 933 2480 οἷον
954 2409 1039 2496 ὕδωρ
1055 2416 1108 2488 κατ’
1131 2409 1208 2496 ἀήρ·
1232 2415 1338 2497 φαμὲν

238 2530 273 2590 δὲ
295 2526 326 2591 to*
349 2529 409 2607 μὲν
433 2530 581 2608 περιέχον
611 2529 680 2588 τοῦ
707 2523 851 2598 εἴδους
874 2519 1030 2604 εἶναι,τό
1056 2525 1091 2586 δὲ
1114 2519 1337 2605 περιεχόμενον

237 2638 291 2718 τῆς
313 2631 422 2720 ὅλης.
450 2683 457 2698 .
484 2682 492 2698 .
519 2633 653 2717 κοίχάρ
679 2637 710 2696 ἐν
736 2639 779 2719 τῷ
805 2637 885 2722 ποιῷ
905 2637 959 2696 κατ’
987 2637 1019 2698 ἐν
1040 2637 1082 2720 τῷ
1104 2633 1188 2717 ποσῷ
1210 2633 1280 2695 ἐστι’
1301 2653 1334 2694 το

235 2749 293 2824 μὲν
325 2743 372 2818 ὥς
405 2737 517 2818 εἶδος
550 2746 728 2824 μᾶλλον,
762 2741 796 2805 ro¹
830 2745 856 2805 δ’
892 2741 934 2824 ὥς
961 2737 1030 2822 tta.
1083 2741 1150 2804 καί
1183 2745 1337 2816 ἐντοῖς

236 2849 336 2917 κατὰ
363 2849 482 2917 τόπον
505 2848 703 2926 ᾠσπύτονς
724 2849 765 2914 τὸ
795 2853 866 2914 ιιὲν
898 2845 977 2922 ἄνω
1005 2850 1335 2934 aesopianam,

235 2959 271 3025 τό
295 2962 329 3024 ot
354 2958 438 3034 aaron
459 2963 512 3042 τῆς
499 2957 614 3042 ςν’λης
633 2962 687 3044 (cl.
711 2961 802 3043 Phys.
827 2961 876 3040 lV,
899 2963 958 3038 5);
989 2979 1160 3041 quanquam
1182 2960 1338 3034 Aristote-

236 3070 282 3133 les
306 3070 373 3138 aliis
394 3071 500 3150 eisque
523 3089 585 3136 non
609 3071 715 3151 paucis
737 3071 816 3140 locis
845 3069 928 3134 velut
957 3071 1047 3151 Phys,
1071 3071 1119 3139 lv.
1145 3088 1171 3136 ο.
1195 3071 1231 3135 Q:
1257 3061 1336 3131 ὥστε

237 3171 307 3240 οὔτε
328 3174 452 3260 μόριον,
479 3171 570 3241 οὔτε
590 3176 687 3262 ἕξις,
708 3176 787 3240 cilici
817 3177 975 3258 χωριστὸς
1005 3176 1022 3237 ὅ
1050 3175 1143 3250 τόποο
1166 3175 1335 3248 ἐοιν’ν,...

237 3282 333 3370 ταύτῃ
355 3290 414 3364 μὲν
438 3286 508 3348 orla
533 3283 624 3350 ἔστι
650 3285 689 3348 τὸ
715 3279 826 3357 εἶδος
852 3287 934 3349 idem
951 3287 1064 3349 diserte
1086 3288 1214 3368 repellit.
1250 3289 1336 3362 Quae

238 3394 316 3457 iuste
350 3397 538 3477 comparanti
571 3397 643 3458 mihi
678 3396 738 3456 hoc
774 3395 840 3456 lero
869 3394 1052 3459 Aristoteles
1086 3397 1261 3478 significare
1285 3397 1337 3457 vi-

238 3503 348 3582 detur,
371 3504 489 3583 locum,
511 3505 649 3587 quamvis
674 3504 740 3583 ipsa
766 3504 882 3565 nonsit
904 3505 1131 3583 rerumlorma,
1154 3512 1255 3567 tamen
1279 3525 1336 3568 cx-

238 3611 390 3676 trinsecus
414 3614 541 3688 definire
565 3620 594 3676 et
618 3612 704 3692 quasi
727 3609 793 3686 (ὡς
817 3607 898 3684 εἶδος
916 3616 1051 3690 μᾶλλον)
1074 3614 1254 3676 confirmare
1279 3614 1336 3676 de-

238 3723 461 3804 terminareque
484 3723 611 3798 sormam
634 3739 746 3800 rerum,
771 3722 810 3792 ita
833 3727 864 3783 ut
890 3722 1018 3800 spatium
1040 3723 1216 3784 universum
1235 3723 1337 3784 mundi

239 3830 373 3902 ordinem
395 3830 558 3902 constituat
580 3831 705 3910 eiusque
726 3830 865 3894 diversas
887 3836 987 3910 partes
1022 3833 1201 3905 coniunctas
1223 3838 1335 3896 teneat.

240 3937 377 4001 Indidem
401 3938 505 4018 liquet,
529 3937 657 4008 atterum
680 3938 763 4018 illud,
788 3938 867 4020 quod
886 3941 1014 4020 spatium
1029 3961 1112 4007 utera
1134 3961 1204 4010 essa
1226 3942 1337 4005 mentis

238 4045 347 4109 relatio
369 4046 499 4124 dicitur,
528 4048 642 4110 assumi
670 4066 732 4110 non
755 4066 865 4129 posse,
889 4049 998 4130 quippe
1029 4050 1078 4111 cui
1097 4050 1209 4113 nullam
1232 4051 1338 4113 istius-

240 4153 323 4216 modi
345 4153 406 4214 vim
428 4155 562 4220 tribuere
584 4157 684 4220 liceat.
729 4159 866 4234 Quorsus
887 4176 950 4220 non
972 4159 1070 4220 solum
1096 4167 1182 4222 terna
1202 4161 1262 4222 loci
1286 4160 1338 4222 di-

239 4260 357 4324 mensio
379 4264 520 4346 pertinet,
544 4268 604 4331 sed¹
637 4268 727 4332 etiam
748 4269 859 4332 divisio
895 4267 960 4329 eius
989 4266 1019 4326 tn
1045 4267 1120 4330 duas
1142 4269 1284 4350 pluresve
1305 4269 1337 4331 vi
