2910 4698
219 477 347 541 rundem
371 482 502 540 motuum
529 477 674 543 universa
704 495 846 542 mensura
883 485 1027 542 constans
1048 483 1104 555 ²⁸¹).
1159 477 1196 540 ut
1218 484 1321 541 tomen

223 588 287 650 eius
310 588 429 668 potius,
463 587 513 667 qni
543 587 573 648 in
597 587 743 651 circulum
765 591 809 665 Μ)
835 587 976 666 flectitur,
1001 603 1090 667 qnam
1113 587 1189 650 alius
1214 587 1322 649 cuins-

222 714 340 778 cunque
362 703 460 760 motns
482 701 538 775 ²⁸³),
563 715 704 761 mensura
726 703 845 778 tempus
869 703 925 776 est,
948 698 989 760 ita
1008 703 1040 760 ut
1062 697 1100 759 ab
1122 696 1242 778 aequali
1264 695 1318 759 illo

220 812 310 888 atque
327 808 472 888 primario
495 813 578 870 motu
595 825 736 870 mensura
752 825 842 889 quum
865 807 992 870 aliorum
1014 811 1147 870 motuum
1164 812 1224 868 tum
1240 811 1321 869 tem-

219 916 305 996 poris
327 916 504 980 deducatur.
529 916 604 979 Nam
628 921 660 978 ut
674 915 755 980 aliud
778 915 909 997 quidvis,
932 916 979 980 sic
999 922 1116 997 tempus
1135 915 1218 978 finito
1239 932 1319 995 quo-

220 1025 288 1089 dam
314 1033 452 1106 tempcre
469 1026 610 1089 metimur
630 1027 685 1104 ll).
1091 1013 1093 1017 ’

639 1265 645 1272 ·
726 1236 810 1312 §.d

260 1387 395 1456 Summe
419 1385 659 1456 Aristotelicnc
680 1387 720 1452 de
741 1390 853 1471 spotto
876 1393 1083 1474 temporeque
1103 1389 1284 1454 doetrinae.

317 1574 409 1637 Hisce
432 1573 572 1636 omuibus
602 1572 789 1653 explanatis,
814 1579 1054 1636 cousentaneum
1075 1572 1150 1650 crit,
1176 1571 1317 1635 odviam

219 1683 432 1763 disputationis
462 1681 633 1762 respiciens
666 1681 754 1744 huius
781 1698 927 1745 summam
956 1698 1138 1763 proponere.
1183 1680 1267 1743 Patet
1287 1687 1318 1741 et

219 1811 288 1856 esse
310 1793 410 1855 locum
434 1798 463 1854 ct
497 1810 566 1854 esse
590 1809 658 1854 eum
685 1793 747 1853 vim
770 1791 921 1871 quandam
944 1791 1058 1870 tribus,
1082 1808 1245 1870 corporum
1267 1790 1319 1851 in-

217 1907 291 1979 star,
315 1901 555 1968 dimensionibus
578 1901 755 1980 praeditam.
810 1901 995 1981 Quamquam
1033 1919 1100 1963 eum
1124 1918 1182 1963 uec
1205 1917 1317 1980 corpus

218 2029 288 2074 esse
309 2011 406 2090 ipsum
439 2029 496 2074 nec
519 2011 585 2073 eius
611 2011 837 2092 receptaculum
872 2011 917 2087 (ln.
940 2031 967 2074 c.
991 2010 1254 2088 commenticium,
1285 2010 1317 2071 in

217 2138 276 2201 quo
297 2121 415 2184 versari
437 2138 566 2202 corpora
586 2127 736 2201 putentur,
760 2120 950 2184 intervallum
970 2130 1133 2199 vacuum),
1161 2137 1219 2183 nec
1242 2136 1318 2182 oau-

216 2249 281 2293 sam
301 2249 402 2293 rerum
437 2230 567 2310 aliquam
602 2249 660 2294 nec
695 2231 826 2311 denique
854 2237 905 2293 aut
928 2233 1084 2294 materiam
1114 2237 1165 2292 aut
1187 2230 1315 2293 formam

217 2346 268 2401 aut
299 2346 415 2420 partem
445 2339 618 2402 habitumve
653 2339 803 2418 corporis.
854 2337 1009 2400 contineri
1038 2346 1135 2402 autem
1158 2357 1209 2400 res
1231 2336 1312 2416 loco,

215 2449 265 2528 qui
295 2449 399 2529 superi
425 2447 576 2529 inferique
604 2447 785 2510 differentiis
821 2453 992 2510 exstructus
1021 2449 1142 2530 seiungi
1171 2467 1188 2510 a
1222 2448 1314 2510 rebus

215 2558 320 2636 possit.
368 2558 559 2638 Quapropter
582 2575 649 2618 esse
671 2557 768 2620 locum
791 2564 956 2619 extremam
977 2576 1002 2620 s.
1025 2557 1183 2618 terminum
1204 2556 1311 2618 ιἰιιιαο-

213 2713 505 2726 ——n—-a—1-

286 2807 331 2880 41)
355 2809 369 2862 ό
396 2800 479 2867 αὐτός
506 2809 610 2879 χρόνος
640 2802 680 2868 εἷς
706 2808 811 2881 ὁμοίως
837 2813 884 2864 καὶ
909 2809 969 2880 ιῖμα
1000 2811 1081 2879 είιιερ
1109 2814 1155 2864 καὶ
1186 2805 1200 2864 ό
1228 2808 1313 2880 ripad-

214 2899 270 2976 μός
287 2905 355 2967 ἶσος.

284 3001 331 3066 42)
352 2999 399 3066 τῆς
417 3003 620 3074 conloquente.

283 3096 332 3164 43)
354 3091 397 3152 όιό
419 3101 467 3152 καὶ
486 3099 565 3152 δοκεῖ
586 3097 601 3154 ό
621 3097 759 3171 χρόνος
789 3097 885 3153 εἶναι
912 3097 925 3164 ἦ
952 3100 1012 3165 τῆς
1031 3101 1312 3169 σφαίραςκίνη-

214 3207 289 3256 osc,
310 3193 354 3246 όοι
373 3194 456 3266 ταόιχ
474 3201 648 3266 μετροῦνται
667 3195 699 3246 αἱ
713 3193 795 3247 ἄλλαι
813 3192 937 3260 κινήσεις
958 3199 1005 3247 καὶ
1025 3193 1039 3248 ό
1055 3193 1163 3264 χρόνος
1180 3191 1263 3262 ταύτῃ
1281 3195 1312 3265 τῇ

211 3291 329 3354 κινήσει.
369 3285 416 3342 daci
448 3290 478 3343 de
508 3290 659 3343 τοῦτοκαὶ
683 3283 712 3341 ιό
740 3282 842 3349 εἰωθός
868 3292 1001 3360 λέγεσθαι
1026 3296 1192 3361 συμβαίνει·
1237 3291 1313 3359 φασὶ

212 3379 269 3457 χόρ
288 3383 394 3442 adulor
416 3385 492 3441 εἶναι
510 3367 544 3438 τό
563 3383 736 3455 despuman
759 3387 915 3460 πράγματα
943 3391 990 3439 καὶ
1009 3389 1064 3442 noir
1082 3385 1176 3440 ἄλλων
1195 3386 1251 3439 raia
1268 3383 1312 3436 ul·

212 3498 296 3548 rqow
315 3480 439 3552 ἐχόντων
458 3477 582 3553 φυσικόν
601 3485 649 3536 καὶ
664 3485 778 3554 γένεσιν
797 3487 844 3537 καὶ
863 3482 995 3556 φθοράν·
1017 3485 1097 3538 codro
1120 3482 1150 3535 dt
1165 3476 1207 3536 όιι
1227 3481 1311 3556 creden

212 3576 307 3632 πιόντα
326 3579 364 3649 τῷ
381 3579 477 3649 χρόνῳ
498 3584 621 3648 κρίνεται
633 3617 640 3642 ,
663 3583 711 3632 καὶ
728 3579 864 3652 λαμβάνει
885 3573 1012 3645 τελευτὴν
1030 3584 1076 3632 καὶ
1095 3573 1184 3647 α’ρχῆν
1206 3575 1312 3643 ιόςαερ-

213 3677 276 3728 ανεὶ
292 3675 361 3726 earet
380 3693 444 3726 τινα
466 3674 616 3743 περίοδον·
655 3678 703 3729 καὶ
722 3672 777 3747 peip
798 3675 935 3747 όχρόνος
954 3669 1036 3735 αὐτὸς
1062 3673 1136 3728 εἶναι
1162 3675 1240 3727 δοκεῖ
1261 3669 1311 3724 κό-

213 3771 276 3826 κλος
297 3782 354 3828 rect
374 3768 419 3838 lt,
441 3769 473 3821 14
492 3771 526 3822 cl.
545 3770 631 3823 Probl.
650 3771 730 3837 uult,
744 3773 779 3825 3:
800 3770 891 3844 ιόςαερ
910 3774 957 3826 ἐπὶ
975 3775 1024 3825 τοῦ
1036 3765 1164 3842 οόρανοό
1179 3773 1226 3823 καὶ
1246 3767 1312 3822 ἔναι’·

213 3880 280 3920 οιοιι
301 3871 360 3920 scir
379 3863 494 3937 ἄστρων
514 3869 611 3940 φορᾷ
629 3868 760 3929 κύκλος
778 3874 832 3928 rte
851 3871 945 3932 ἐστι,
965 3872 993 3920 rt
1010 3867 1108 3921 κωλύει
1127 3871 1173 3920 καὶ
1194 3863 1244 3931 τὴν
1263 3867 1311 3936 γε’-

213 3976 294 4018 νεσιν
310 3965 358 4016 καὶ
375 3953 425 4029 τὴν
444 3960 589 4020 οἷπιόλειαν
617 3969 673 4018 raia
692 3965 831 4037 φθαριιόν
856 3965 990 4031 οοιαόιην
1008 3963 1092 4028 εἶναι,
1113 3961 1183 4016 alors
1203 3961 1312 4017 πάλιν

212 4058 326 4111 ταῦτα
343 4063 518 4128 γίνεσθαι
536 4065 598 4114 καὶ
616 4066 857 4132 φθείρεσθαις
876 4061 1011 4132 καθάπερ
1026 4064 1159 4131 colmani
1180 4041 1321 4112 κόκλον

211 4152 309 4209 εἶναι
329 4152 370 4208 τὰ
390 4153 617 4227 ἀνθρώπινα.

279 4249 326 4307 ult
347 4250 510 4325 ἀριθμεῖται
535 4249 550 4306 ό
567 4250 674 4322 χρόνος
694 4254 751 4304 τινὶ
768 4250 932 4325 ὡρισμένῳ,
961 4281 993 4292 -
1016 4250 1151 4325 όχρόνος
1166 4260 1313 4326 μετρεῖται

210 4345 243 4420 cpi
259 4350 442 4420 κοκίοφορίρι.
