2910 4698
572 290 847 366 -11-'

127 503 168 546 ne
189 482 251 544 hoc
274 479 396 561 quidem
417 486 536 562 posset,
560 481 719 562 quoniam,
740 481 767 545 si
790 480 933 544 facultate
955 480 1057 543 locum
1080 477 1224 560 implendi

129 591 326 670 mutandique
348 589 475 669 valeret,
498 591 676 654 necessario
698 591 818 668 locum,
841 608 901 670 quo
923 594 1116 672 assurgeret,
1141 588 1224 666 inani

130 702 250 763 inanem
275 700 402 762 iaceret.
448 701 549 774 Quare
568 701 743 778 Aristoteli,
765 719 872 765 veram
894 699 1052 804 indaganti
1073 697 1223 761 rariorum

130 810 368 890 densiorumque
392 827 526 888 causam,
548 811 649 891 placet
669 829 759 874 unam
783 828 853 873 esse
871 809 1060 890 eandemque
1078 808 1224 871 contrarii

128 920 264 984 cuiusvis
286 920 465 999 materiam,
491 938 548 982 nec
571 921 598 983 si
623 921 694 1002 quid
717 921 786 999 fiat,
814 937 854 982 ex
875 919 970 983 nihilo
1001 918 1032 980 id
1060 917 1144 996 fieri,
1168 917 1224 980 sed

128 1029 170 1092 ile
193 1029 227 1091 ἐκ
249 1027 385 1108 δυνάμει
414 1017 501 1103 ὄντος
523 1029 663 1113 ἐνεργείᾳ
686 1019 721 1090 ὂν
742 1025 903 1109 γίνεσθαι,
927 1026 1059 1090 utnulla
1084 1027 1136 1088 uni
1157 1044 1225 1090 tna-

128 1136 225 1200 teriae
247 1154 347 1217 neque
377 1137 506 1201 addatur
530 1155 661 1218 unquam
684 1124 943 1200 nec'detrahatur
967 1136 1115 1217 particula
1141 1154 1226 1198 sem-

129 1263 246 1326 perque
269 1246 377 1309 cadem
396 1246 436 1308 sit
456 1252 516 1309 tam
538 1246 624 1327 parvi
649 1264 738 1326 quam
761 1246 864 1326 magni
887 1245 1024 1308 materia.

228 1356 313 1430 Quae
336 1372 426 1435 quum
448 1355 494 1418 sic
520 1373 555 1418 se
576 1355 726 1434 habeant,
749 1353 824 1415 nteit
846 1359 893 1416 eat
909 1371 967 1432 per
988 1371 1023 1415 ce
1049 1352 1141 1415 inane
1169 1371 1225 1416 oco

128 1463 219 1526 babet
238 1463 280 1542 id,
298 1463 379 1543 quod
396 1464 454 1527 boo
474 1465 593 1528 nomine
612 1465 723 1546 fertur,
746 1463 838 1526 ollem
856 1462 918 1525 otro
935 1462 1104 1544 propriam.

638 1640 667 1708 §.
692 1633 721 1696 2.

371 1753 572 1824 Aristotelis
592 1759 632 1825 de
654 1768 799 1844 tempore
824 1759 987 1826 doctrino.

229 1901 291 1962 lam
312 1916 350 1962 eo
372 1899 578 1980 pervenimus,
599 1901 652 1963 ubi
670 1900 854 1964 Aristoteles
867 1901 906 1964 de
926 1907 1064 1982 tempore
1081 1905 1112 1963 et
1125 1905 1224 1961 rrtrum

130 2011 170 2075 sit
192 2009 336 2088 (πότερον
359 2011 423 2070 τῶν
454 1999 553 2072 ὄντων
576 2009 674 2088 ἐστίν)
696 2012 818 2092 etquid
846 2011 886 2074 stt
917 2010 1020 2092 (π’ςῆ
1049 2011 1148 2093 φύσις
1168 2002 1226 2071 eri.

130 2120 208 2194 τοῦ)
232 2117 483 2197 disceptationem
509 2118 732 2182 adnectendam
754 2126 837 2201 putat
865 2125 896 2183 et
918 2119 956 2184 ab
983 2137 1021 2183 eo
1050 2117 1225 2200 proticisci-

130 2233 187 2306 tur,
209 2233 242 2289 ut
263 2233 421 2308 utramque
444 2230 655 2309 quaestionem
675 2230 706 2292 in
729 2229 852 2294 dubium
875 2234 975 2292 vocet.
1004 2228 1132 2308 Tempus
1145 2227 1226 2290 enim

131 2355 192 2400 non
217 2355 287 2402 esse
314 2337 364 2400 vel
391 2344 474 2402 certe
500 2338 592 2417 μόλις
619 2341 673 2402 και·
692 2339 864 2422 ἀμυδρῶς,
897 2357 934 2400 co
963 2337 1085 2400 videtur
1112 2337 1223 2416 evinci,

132 2447 223 2526 quod,
245 2446 312 2510 sive
333 2446 449 2508 finitum
472 2445 541 2520 (ἀεὶ
561 2446 815 2528 λαμβανόμενον)
842 2455 960 2529 tempus
989 2450 1057 2512 sive
1078 2446 1225 2514 infinitum

129 2562 267 2635 spectas,
295 2562 356 2618 tum
378 2556 434 2618 suit
458 2573 517 2618 nec
540 2555 652 2619 diutius
673 2563 721 2619 est
742 2563 803 2619 tum
827 2559 885 2623 erit
903 2558 1099 2638 nondumque
1120 2556 1208 2622 adest
1216 2577 1225 2638 3

128 2665 213 2729 cuius
238 2672 338 2728 autem
359 2670 462 2746 partes
488 2683 551 2728 non
573 2671 660 2745 sunt,
685 2665 716 2729 id
739 2681 778 2731 nc
809 2668 907 2749 ipsum
938 2665 1060 2748 quidem
1091 2666 1225 2730 existere

125 2775 258 2838 videtur.
302 2775 351 2837 Ad
376 2775 436 2838 hoc
460 2771 495 2836 cd
520 2777 577 2838 νῦν
600 2793 625 2838 s.
649 2795 797 2856 praesens
821 2783 850 2840 et
874 2777 1064 2842 individuum
1085 2794 1225 2842 momen-

125 2890 188 2945 tum
210 2881 293 2944 nulla
315 2901 386 2946 esse
415 2902 487 2963 pars
517 2885 663 2965 temporis
692 2894 793 2966 potest
821 2893 947 2968 propter
976 2887 1224 2964 individuam,a

126 3009 185 3070 qua
208 2994 324 3068 tempus
347 2990 503 3068 abhorret,
526 2997 676 3054 naturam.
706 2995 833 3058 Videtur
847 3012 942 3073 porro
965 3013 1022 3057 nec
1044 2995 1125 3058 idem
1139 3013 1224 3057 sem-

125 3117 181 3181 per
203 3117 261 3162 nec
292 3098 373 3162 aliud
398 3105 428 3163 et
450 3099 531 3164 aliud
552 3119 624 3164 esse
645 3099 677 3164 τὸ
701 3103 766 3164 νῦν.
817 3104 892 3166 Nam
919 3103 979 3166 hoc
1011 3104 1039 3168 si
1069 3110 1117 3168 est
1140 3111 1169 3168 et
1197 3105 1224 3168 si

125 3209 210 3289 plura
233 3216 350 3288 ,nunc“
371 3210 460 3274 simul
483 3228 547 3274 non
565 3217 652 3291 sunt,
675 3211 724 3291 id,
750 3212 837 3294 quod.
854 3214 1019 3294 antecedit,
1044 3215 1222 3278 necessario

100 3367 104 3374 .
125 3318 250 3381 interiit.
301 3320 335 3382 ln
358 3339 418 3401 quo
450 3328 551 3386 autem
572 3322 633 3386 hoo
657 3322 768 3385 sactum
792 3341 863 3387 csse
890 3325 1014 3404 potest?
1056 3325 1089 3387 tn
1119 3325 1223 3404 seipso

127 3427 282 3490 interiisse
302 3431 423 3516 nequit,
449 3432 518 3510 quia
542 3438 614 3494 tunc
638 3433 784 3512 temporis
806 3450 917 3496 revera
949 3433 1015 3494 suit.
1065 3432 1130 3495 Nec
1155 3433 1223 3512 plus

125 3534 349 3617 probabilitatis
371 3537 480 3615 habet,
503 3537 578 3599 illud
605 3539 636 3600 in
659 3540 719 3601 alio
742 3539 874 3619 quodam
894 3555 975 3601 nunc
994 3539 1134 3620 periisse.
1186 3541 1223 3604 Ut

125 3645 205 3708 enim
226 3649 337 3724 puncta
358 3644 477 3724 punctis
501 3646 645 3708 continua
668 3663 730 3708 non
751 3652 840 3726 sunt,
864 3647 925 3710 nisi
945 3647 1025 3711 linea
1048 3649 1218 3729 interiecta,

123 3752 164 3816 ita
185 3751 221 3816 wi
256 3754 313 3818 νῦν
334 3772 439 3818 secum
472 3755 603 3820 invicem
628 3774 767 3820 connexa
796 3775 852 3820 seu
876 3759 990 3840 ἑφεξῆς
1014 3777 1070 3840 per
1100 3779 1134 3824 se
1158 3779 1220 3824 non

122 3868 208 3941 sunt,
231 3863 287 3926 sed
313 3865 442 3949 interest
462 3866 590 3928 medium
619 3865 743 3946 otiqood
772 3872 888 3946 tempos
915 3867 1028 3947 infinite
1056 3868 1219 3947 dividuum,

124 3973 154 4034 in
186 3990 245 4054 quo
271 3970 305 4036 τὸ
332 3992 414 4037 nunc
442 3975 540 4038 minus
562 3977 652 4038 etiam
682 3977 838 4040 interiisse
865 3985 975 4059 potest.
1027 3981 1092 4044 Nec
1124 3997 1216 4060 porro

122 4083 220 4164 magis
241 4081 274 4145 νό
298 4087 467 4148 ciconum
491 4103 612 4166 semper
633 4092 663 4150 et
685 4086 763 4149 idem
787 4094 842 4150 est.
887 4089 960 4152 Nam
985 4089 1030 4166 si,
1059 4105 1217 4168 quaecun-

123 4208 181 4270 que
203 4210 254 4254 res
278 4196 477 4259 determinata
504 4203 534 4258 et
555 4196 678 4258 dividua
702 4203 757 4275 est,
780 4198 846 4278 plus
866 4216 928 4260 uno
950 4198 1052 4259 finitur
1073 4198 1214 4277 termine,

120 4306 236 4382 tempus
268 4322 388 4386 quoque
418 4307 483 4386 plus
518 4325 610 4373 utrum
643 4307 734 4372 babet
764 4306 937 4373 istiusmodi
969 4304 1131 4371 terminum
1163 4308 1213 4371 vel
