2910 4698
573 307 782 369 ..15-

131 486 281 547 autmarus
301 483 460 546 conannas
485 482 520 566 (ὁ
540 481 657 566 χρόνος
678 483 815 568 ἀριθμός
836 487 902 556 οόιι
924 487 1074 569 κινήσεως
1096 484 1174 550 κατὰ
1194 483 1228 549 ad

134 589 286 676 πρότερον
309 591 363 656 καί
383 588 590 674 detepuerat*
611 593 772 677 συνεχής).
817 597 871 659 cui
893 597 1039 678 temporis
1063 594 1230 659 definitioni

135 703 316 767 Aristoteles
343 703 475 784 quinque
500 705 655 788 subiungit
676 704 813 769 eiusdem
837 707 977 788 propria:
1020 741 1023 747 ·

204 816 237 889 1)
258 813 350 876 habet
380 820 516 895 tempus,
550 813 649 894 quoad
682 833 825 880 numerus
857 814 1082 896 est,'perinde
1110 821 1143 877 ut
1170 813 1230 893 hic,

134 921 289 985 minimum
312 923 466 1004 quoddam
487 924 632 988 dualitate
653 925 764 1005 prieris
785 945 822 988 ae
843 925 1025 1006 posterioris
1047 925 1231 1005 praeditum3

133 1032 234 1113 quoad
259 1038 359 1096 autem
382 1033 556 1098 continuum
580 1040 627 1097 est
649 1041 680 1098 et
702 1035 818 1099 infinite
841 1035 996 1102 dividuum
1020 1032 1113 1114 [κατὰ
1138 1036 1228 1114 μέγε-

133 1145 218 1219 θος),
239 1142 364 1204 minimo
387 1149 487 1221 aaret3

87 1253 89 1258 ’
198 1254 232 1329 Q)
258 1259 405 1333 quatenus
429 1271 572 1316 numerus
600 1261 646 1316 est
669 1259 801 1334 ternpus,
825 1254 922 1326 πολὺς
945 1249 1000 1316 καί
1021 1245 1124 1332 ὀλίγος
1148 1250 1231 1312 dici-

136 1369 205 1441 tur,
229 1369 376 1443 quatenus
408 1362 582 1426 continuum
611 1361 735 1444 μακρὸς
766 1363 820 1424 και·
846 1357 985 1443 βραχύς,
1017 1365 1182 1442 segregata
1213 1379 1229 1422 a

134 1477 271 1550 ternpore
283 1473 328 1556 aqi
338 1477 437 1551 ταχεῖ
455 1471 509 1534 aad
528 1473 646 1552 βραδεῖ
667 1471 698 1532 in
721 1488 888 1550 numerum,
910 1487 970 1550 quo
989 1470 1229 1544 numerand),

133 1599 195 1643 nun
218 1579 397 1643 cadentibus
405 1601 414 1656 3

195 1689 231 1767 3)
251 1690 332 1752 idem
355 1695 402 1754 est
426 1689 539 1768 ubique
558 1695 588 1752 et
611 1689 699 1750 simul
721 1695 849 1768 tempus,
871 1688 1017 1768 temperis
1039 1692 1136 1750 autem
1157 1705 1230 1769 par-

135 1807 182 1862 tes
203 1797 252 1876 (ad
274 1799 357 1880 prius
380 1805 409 1861 et
431 1799 601 1879 posterius)
626 1798 769 1862 diversae
791 1799 900 1878 quippe
914 1817 953 1860 ex
967 1797 1098 1862 diversis
1114 1804 1229 1876 „uune“

135 1909 340 1990 compositae3

201 2019 239 2098 4)
259 2025 292 2080 ut
313 2024 431 2096 motus,
463 2018 505 2080 ita
535 2023 652 2098 tempus
676 2023 761 2080 certo
792 2034 955 2081 recurrere
987 2017 1106 2094 ordine
1130 2020 1230 2096 potest

136 2127 235 2214 (uelut
254 2127 530 2205 anniversarium);

203 2237 239 2312 5)
261 2241 378 2316 tempus
399 2254 461 2299 non
491 2235 588 2299 sutum
613 2239 728 2311 motus,
752 2233 807 2296 sed
830 2233 880 2295 hia
902 2233 992 2296 etiam
1020 2234 1099 2296 itlius
1122 2253 1229 2298 nurne-

135 2365 187 2409 rus
210 2353 240 2408 et
259 2353 403 2410 mensura
426 2352 493 2424 est‚.
506 2345 615 2426 quippe
638 2362 728 2425 quum
745 2343 897 2406 definiant
919 2343 1101 2406 seinvicem
1120 2320 1231 2405 stenni-

138 2462 278 2537 nentque.
323 2455 562 2537 Magnitudinem
586 2455 665 2516 enirn
692 2459 774 2516 matu
797 2453 950 2543 solemus,
974 2459 1086 2516 motum
1109 2453 1230 2534 magni·
1320 2538 1325 2543 ⁷

137 2555 239 2629 tudine
264 2563 374 2642 metiri,
398 2579 525 2646 quorum
547 2568 716 2642 utrumque,
745 2561 827 2642 quad
850 2562 887 2625 ad
915 2563 1129 2642 quantitatem,
1154 2579 1233 2622 con-

135 2675 334 2738 tinuationem
355 2672 599 2753 divisionemque
618 2668 687 2757 (καί
703 2666 783 2734 noeti
801 2667 856 2733 καί
869 2671 987 2762 συνεχῆ
1001 2671 1055 2734 καί
1070 2665 1229 2753 διαιρετά)

135 2783 264 2856 attinet,
287 2781 445 2862 aequalem
479 2798 550 2844 esse
582 2780 711 2861 tempori
745 2785 931 2860 compertum
965 2779 1121 2844 habemus.
1177 2780 1231 2842 Est

135 2893 240 2971 igitur,
263 2895 376 2950 mutum
399 2892 430 2950 in
453 2896 589 2968 tempore
611 2907 691 2966 esse,
715 2889 790 2951 nihil
817 2888 911 2967 atiud,
936 2906 1024 2968 quam
1047 2889 1230 2951 metiendum

136 3015 206 3059 esse
228 3001 366 3074 tempore
389 3001 503 3055 motum
526 2996 617 3073 idque
639 3012 694 3074 per
720 3002 833 3072 partes.
886 2995 1016 3056 Perinde
1045 2995 1107 3056 hoa
1132 2995 1229 3056 estin

136 3105 204 3168 aliis
226 3103 329 3182 rebus,
354 3104 483 3186 quaein
508 3108 645 3183 tempore
666 3109 726 3164 tum
753 3102 871 3165 versari
892 3101 1042 3180 dicuntur,
1066 3120 1155 3183 quum
1178 3122 1230 3167 eas

135 3222 274 3296 tempore
295 3215 443 3277 metimur.
490 3211 642 3294 Quidquid
665 3217 765 3274 autem
788 3211 819 3273 in
841 3217 977 3293 tempore
998 3216 1054 3290 est,
1080 3212 1121 3276 ita
1144 3213 1174 3275 in
1192 3230 1229 3276 eo

135 3332 202 3403 est,
228 3330 261 3387 ut
283 3330 334 3386 aut
363 3323 452 3388 simul
475 3324 515 3385 sit
544 3341 612 3385 curn
642 3329 779 3403 tempure
807 3329 857 3385 aut
889 3323 921 3385 in
954 3341 991 3386 eo
1015 3325 1055 3385 sit
1085 3329 1227 3404 tanquam

134 3452 205 3514 pars
239 3433 304 3496 eius
342 3439 372 3496 et
407 3432 530 3496 affectio
567 3439 618 3494 aut
655 3432 786 3512 denique
820 3451 837 3494 a
872 3438 1008 3513 tempore
1043 3437 1226 3496 numeretur.

134 3545 269 3628 Utroque
290 3541 351 3603 huc
373 3541 464 3602 modo
485 3547 613 3620 possunt
636 3541 783 3622 quaedam
808 3540 993 3620 intempore
1016 3539 1127 3604 inesse.
1152 3541 1226 3606 Nara

133 3671 223 3734 quum
247 3645 280 3714 ao*
301 3652 357 3713 νῦν
384 3652 438 3713 aui
464 3645 501 3712 τὸ
526 3642 681 3733 πρότερον
710 3649 765 3710 καί
794 3641 828 3710 id
860 3641 991 3731 ὕστερον
1024 3650 1086 3714 sini
1114 3651 1225 3734 aliquid

132 3763 227 3844 ipsius
249 3745 411 3842 temperis,
433 3767 494 3821 tum
516 3779 566 3823 res
590 3759 683 3822 metui
705 3758 858 3821 obnoxiae
885 3757 917 3819 in
939 3764 1075 3840 tempore
1098 3779 1226 3826 succes-

132 3875 218 3936 sivae
241 3877 311 3934 sunt
334 3875 364 3932 et
388 3870 459 3932 huie
482 3869 673 3944 metiendae3
694 3886 792 3947 quare
805 3873 839 3928 ut
859 3867 890 3929 ἑο
911 3868 977 3931 loeo
992 3888 1044 3932 res
1066 3871 1132 3932 loco
1149 3889 1224 3933 eon·
1259 3873 1261 3877 '

228 4040 275 4107 26)
297 4029 319 4111 ᾧ
339 4035 522 4113 ἀριθμοῦμεν
540 4068 572 4093 =
593 4035 663 4101 „rdr
689 4035 882 4110 ἠριθμημένον
906 4037 1053 4112 ἀριθμόν,
1080 4039 1109 4098 ἐξ
1134 4025 1222 4106 οὗιιερ

131 4141 177 4188 καὶ
197 4135 212 4190 ὁ
228 4135 333 4209 χρόνος
352 4138 420 4199 ἐστι,
439 4139 513 4206 λέγω
530 4128 561 4201 da}
582 4129 632 4201 τὴν
651 4133 844 4206 ἠριθμημένον
863 4140 985 4200 κίνησιν.
1005 4133 1107 4196 Philep.
1120 4136 1138 4181 t.
1159 4147 1183 4196 p.
1196 4133 1223 4184 3.

130 4227 219 4285 Seirai.
241 4229 352 4282 Brundis
376 4247 402 4299 p.
426 4231 487 4284 390.
534 4231 686 4300 Legendum
713 4231 825 4283 fortasse
851 4237 892 4282 est
918 4244 964 4296 pru
994 4217 1016 4300 ᾧ
1042 4224 1222 4298 ἀριθμοῦμεν

129 4325 220 4401 (Phys.
239 4325 294 4392 ivs
309 4327 365 4399 12.)
384 4324 505 4402 ἀριθμὸς
525 4325 540 4385 ὅ
560 4325 783 4402 ἀριθμούμενος.
