2910 4698
662 235 869 296 ..24-

220 423 401 496 moveatur,
429 417 460 478 in
496 413 587 478 alium
621 413 696 477 terri
717 411 840 491 locum,
870 412 920 494 qui
938 429 1009 494 pars
1037 411 1077 474 sit
1101 408 1160 472 toci
1184 408 1326 472 uniuersi

223 527 316 606 coeli,
341 545 428 607 quem
461 522 584 604 quidem
614 522 645 584 in
672 522 739 585 solo
764 520 934 584 consistere
962 526 1098 584 extremo
1118 519 1260 598 termino,
1285 537 1324 582 eo

221 638 280 700 iam
300 635 469 712 refutatur,
499 632 581 713 quod
603 631 688 712 prior
708 630 759 695 ille
791 650 808 693 e
833 630 951 692 cunctis
975 635 1094 691 constat
1117 647 1194 709 quae
1216 647 1234 690 u
1256 627 1326 690 sin-

221 745 302 828 gulis
324 744 505 825 corporibus
527 746 726 821 occupamur,
748 739 903 821 partibus,
927 738 1108 820 posterioris
1133 744 1232 802 autem
1251 755 1327 818 par-

223 863 269 918 tes
304 859 427 935 praeter
464 851 601 934 singulas
638 850 733 931 ipsius
762 849 891 912 ambitus
921 848 1085 930 particulas
1119 847 1219 911 nullae
1256 865 1328 912 esse

220 969 342 1046 queunt.

283 1072 320 1149 b)
344 1069 489 1132 Eiusdem
509 1068 635 1148 generis
655 1067 824 1148 exemplum
846 1073 952 1148 petere
973 1065 1075 1129 licete
1095 1067 1172 1128 o.5:
1196 1063 1250 1127 κοΐ
1269 1069 1330 1145 μέ·-
1425 1059 1426 1082 ³

221 1202 266 1244 νει
291 1179 328 1261 δή
354 1176 451 1262 φύσει
479 1177 541 1238 πᾶν
561 1177 595 1239 ἐν
621 1177 663 1260 τῷ
685 1173 798 1264 Ιοἰκείῳ
819 1173 902 1260 τόπῳ
932 1172 1080 1255 ἕκαστον,
1104 1176 1161 1237 οο’κ
1185 1172 1326 1255 ἀλόγως·
1425 1171 1426 1176 ’

223 1293 279 1353 καί
296 1287 354 1370 γὰρ
379 1284 421 1350 ad
445 1289 568 1368 μέρος
590 1285 682 1348 r'dde
708 1286 751 1348 ἐν
781 1277 860 1371 ὅλῳ
883 1287 932 1370 τῷ
960 1279 1064 1371 τόσῳ
1087 1285 1136 1358 ὠς
1163 1287 1331 1365 deotpe-

223 1397 433 1478 τόνμὲρος
465 1392 561 1476 πρὸς
594 1387 684 1486 ὅλον
715 1395 847 1458 ἐστίν·
891 1385 956 1455 οἷον
984 1388 1059 1456 ὅταν
1081 1387 1197 1469 ὕδατος
1219 1391 1330 1479 κινήσῃ

226 1529 272 1580 τις
293 1502 407 1587 μόριον
429 1495 449 1584 ἢ
469 1505 572 1584 α’ἐρος.
616 1504 732 1578 Quibus
756 1523 795 1566 ex
807 1502 923 1582 verbis,
946 1505 974 1567 si
996 1503 1118 1584 quidem
1141 1494 1212 1575 ὅλος
1236 1499 1251 1564 ὁ
1272 1501 1332 1563 τό.

223 1638 279 1689 πος
304 1614 386 1676 idem
407 1613 488 1675 valet
510 1619 600 1692 atque
623 1613 756 1675 omnium
779 1612 919 1674 locorum
942 1612 1126 1694 complexio,
1149 1629 1211 1675 non
1231 1612 1327 1674 modo

226 1725 273 1786 vis
298 1723 349 1786 illa
373 1722 504 1786 absoluti
517 1722 608 1802 spatii
625 1721 856 1784 evidentissime
871 1722 1065 1802 perspicitur,
1086 1721 1141 1784 sed
1158 1721 1218 1783 boc
1238 1722 1332 1784 etiam

225 1831 270 1894 sic
291 1832 370 1892 intra
391 1830 497 1891 mundi
521 1829 597 1892 fines
619 1830 707 1909 quasi
730 1828 859 1893 effusum
883 1847 952 1892 esse
977 1829 1082 1910 liquet,
1104 1835 1137 1892 ut
1157 1829 1252 1892 variis
1273 1848 1332 1922 or-

166 2000 168 2004 .
222 1939 312 2003 bibus
335 1937 478 2002 stratisve
498 1938 690 2017 (Schicbten,
713 1939 833 2020 Lagen)
855 1945 975 2001 constet
1003 1938 1133 2002 eandem
1163 1939 1334 2002 obtinenti-

224 2047 280 2110 bus
304 2066 371 2110 cum
390 2047 536 2109 universo
565 2047 664 2128 spatio
690 2048 858 2126 rationem,
888 2065 977 2128 qnam
1003 2055 1143 2128 separata
1174 2049 1331 2129 quaelibet

224 2175 295 2240 pars
320 2175 387 2219 cum
410 2163 474 2219 toto
496 2174 562 2219 suo.

289 2276 321 2345 c)
343 2268 419 2329 Sunt
442 2266 519 2329 baec
541 2266 660 2349 gravia,
684 2283 745 2329 non
765 2267 806 2329 ita
827 2273 939 2344 tamen,
961 2272 994 2327 ut
1013 2266 1051 2329 ab
1072 2266 1124 2329 illo
1145 2284 1209 2328 non
1230 2285 1328 2349 supe-

225 2383 341 2456 rentur,
363 2377 444 2458 quod
466 2376 650 2438 Aristoteles
673 2395 741 2440 eam
763 2377 861 2456 spatio
887 2378 1027 2439 virtutem
1059 2378 1216 2460 assignat,
1235 2384 1268 2440 ut
1287 2378 1330 2441 sit

225 2488 332 2570 tribus,
356 2503 517 2566 corporum
549 2486 663 2564 instar,
687 2486 930 2551 dimensionibus
957 2493 1143 2550 exstructum
1163 2487 1329 2568 lss],'quae

224 2597 257 2658 in
279 2596 466 2678 singularem
485 2595 586 2658 locum
608 2577 688 2658 baud
710 2595 838 2677 perinde
858 2596 1017 2676 quadrant.
1054 2597 1149 2658 Huius
1171 2598 1251 2659 enim
1272 2615 1331 2677 per

227 2709 425 2784 setanquam
448 2705 576 2766 extremi
598 2706 784 2767 continentis
808 2705 946 2786 corporis
968 2705 1090 2768 termini
1116 2724 1172 2768 seu
1192 2707 1274 2768 vasis
1298 2713 1330 2769 et

227 2811 401 2892 superficiei
429 2810 507 2873 duae
541 2817 656 2874 tantum
684 2814 827 2894 propriae
856 2831 926 2876 esse
958 2813 1166 2878 dimensiones
1187 2822 1327 2896 possunt,

228 2921 270 2983 ita
292 2919 480 2989 utneseiarn
505 2937 543 2982 an
565 2921 597 2983 in
623 2922 703 2984 bunc
731 2939 861 2986 sensum¹
878 2923 1026 3004 Simplicii
1056 2925 1152 2986 verba
1174 2925 1329 3005 interpre-

227 3029 322 3093 tanda
346 3030 421 3091 sint:
445 3025 585 3106 sciuros
611 3024 707 3092 τόσον
741 3028 913 3094 draconario
941 3026 1094 3112 λεγόντων
1115 3028 1151 3094 οἱ
1172 3036 1242 3111 μὲν
1264 3034 1331 3094 a'na'

228 3135 295 3201 δύο
315 3139 529 3216 διεστῶτα,
551 3135 599 3209 ὥς
623 3136 640 3200 ὃ
660 3139 941 3220 Ἀριστοτέλης
964 3163 997 3202 τε
1023 3141 1077 3203 κατ’
1104 3135 1120 3202 ὅ
1145 3145 1330 3222 Περιάατος

229 3240 324 3323 ἅπας,
346 3245 375 3306 ot
399 3246 435 3307 δὲ
458 3247 510 3308 ἐπὶ
531 3242 605 3324 sptbs
625 3252 686 3308 κτλ.
711 3248 759 3320 (in
773 3248 861 3330 Phys.
885 3266 968 3312 ausc.
993 3251 1013 3311 i.
1038 3249 1097 3314 140
1118 3250 1149 3329 b,
1173 3251 1213 3314 of.
1228 3250 1329 3315 Scho-

229 3355 271 3417 na
293 3355 323 3416 n
345 3355 440 3417 nrtst.
464 3353 534 3416 con.
556 3352 574 3414 1.
602 3373 618 3416 a
642 3354 769 3417 orandis
793 3355 865 3435 379,
888 3355 928 3435 n,
952 3333 1020 3436 3ο).
1071 3359 1204 3421 nouem
1227 3359 1310 3439 οοοο

289 3463 323 3542 d)
343 3463 472 3544 spatium
493 3463 552 3525 duo
574 3463 696 3526 exbibet
719 3461 806 3526 adra>
829 3457 966 3528 aalaidis
988 3467 1177 3546 discrimina,
1200 3451 1330 3531 tam'sui

231 3573 373 3655 propria,
398 3579 431 3634 ut
454 3591 543 3654 quum
560 3579 668 3653 portes
688 3575 776 3655 spatii
805 3573 919 3651 (τόοοο
950 3577 1050 3658 μέρη
1079 3578 1135 3639 aar*
1156 3573 1243 3658 εἴδη)
1265 3583 1329 3640 tum

229 3681 297 3744 κατ’
314 3679 424 3762 ἐξοχὴν
445 3682 506 3744 duo
525 3683 733 3746 universitatis
752 3702 855 3750 rerum
874 3684 942 3748 loca
960 3686 1147 3767 appellentur
1153 3709 1162 3764 ;
1185 3687 1268 3749 velut
1289 3688 1329 3750 de

231 3790 309 3872 ooel.
330 3789 378 3868 IV,
405 3790 445 3853 4:
474 3793 541 3854 κατ’
569 3789 641 3872 γὰρ
676 3790 710 3853 οἱ
746 3791 862 3854 τόποι
900 3792 989 3873 do'o,
1023 3795 1055 3856 τό
1085 3798 1181 3874 μέσον
1209 3794 1264 3858 κατ’
1292 3793 1327 3858 τὸ

230 3893 373 3978 ἔσχατον.
419 3900 507 3974 Quod
529 3918 618 3981 quum
641 3902 795 3983 postulet,
821 3907 854 3963 ut
873 3903 913 3965 sit
939 3904 1111 3968 intermedii
1135 3905 1259 3985 aliquid,
1282 3905 1329 3966 sic

283 4167 347 4237 ,48)
366 4165 443 4234 Pipa.
471 4167 515 4231 lt,
544 4169 580 4222 2:
613 4166 843 4242 διαστήματα
870 4170 924 4242 μὲν
950 4163 1001 4226 οὖν
1031 4172 1110 4241 ἔχει
1137 4176 1213 4243 τρία
1239 4174 1288 4242 (sc.
1314 4172 1328 4226 ὁ

230 4261 326 4334 corros)
344 4267 432 4335 μῆκος
451 4267 499 4318 καὶ
518 4264 624 4326 πλάτος
643 4268 691 4319 καλ
708 4265 807 4335 βάθος,
827 4259 871 4328 οἷς
889 4265 1008 4337 ὁρλζτται
1029 4269 1113 4341 σῶμα
1131 4269 1200 4326 πᾶν.
