2910 4698
657 287 863 352 ..53-

207 469 364 552 stinguere
390 474 420 532 et
442 469 621 550 dispensare
643 468 830 532 studeamus.
882 467 1085 542 Quamobrem
1115 471 1147 527 ut
1174 466 1301 546 primurn

213 580 243 642 in
267 579 451 642 indefinitam
476 579 664 658 inquiramus
688 578 780 640 animi
807 576 1034 654 conditionem,
1057 593 1119 637 non
1140 593 1303 656 possumus

212 689 250 766 ei,
273 695 305 750 ut
329 688 530 765 causabimus,
553 689 595 750 ita
621 687 765 768 temporis
788 687 936 766 spatiique
960 685 1208 766 potentialitatcm
1239 702 1302 748 non

208 798 353 862 tribuere.
398 799 584 878 Quamquam
607 815 698 877 quum
719 796 779 858 hoc
805 795 969 874 potentiale
998 795 1091 856 animi
1118 801 1234 873 tempus
1263 813 1302 856 nc

207 907 339 987 spatium
361 905 433 984 (τὸν
458 908 517 969 τοῦ
541 908 596 968 νοῦ
621 903 717 968 τόπον
738 904 791 967 aad
809 903 926 985 χρόνον
953 901 1033 966 κατὰ
1060 901 1212 982 ddauprv:
1245 904 1300 968 das

209 1016 327 1080 Ansicb
350 1034 411 1079 von
432 1017 527 1078 Raum
551 1015 611 1076 und
636 1014 701 1076 Zeit
723 1014 778 1076 des
803 1014 938 1090 Geistes)
961 1020 1076 1091 statuo,
1101 1015 1146 1076 sio
1170 1033 1207 1076 ea
1229 1014 1301 1077 nolo

207 1126 349 1206 intelligi,
371 1130 403 1186 ut
424 1125 486 1186 sint
505 1124 589 1186 reale
610 1123 731 1204 aliquod
757 1123 903 1203 deinceps
927 1143 963 1186 ac
986 1124 1078 1186 iuxta.
1122 1125 1207 1186 Licet
1222 1124 1302 1186 enim

210 1233 293 1297 reale
315 1234 355 1296 sit
377 1233 565 1308 indefinitum
586 1233 676 1295 animi
700 1233 881 1313 principium
902 1251 961 1310 per
982 1251 1016 1294 se
1037 1239 1223 1314 spectatum,
1245 1251 1304 1295 va-

210 1349 258 1407 cat
279 1343 340 1406 boc
362 1349 463 1407 tamen
483 1341 606 1422 definita
626 1342 765 1405 realitate
787 1347 1053 1424 congruenterque
1075 1343 1157 1406 omni
1178 1349 1208 1404 et
1229 1360 1304 1423 spa-

209 1455 251 1518 tio
274 1461 304 1518 et
325 1460 462 1534 tempore
485 1453 628 1530 definito,
653 1472 730 1533 quae
754 1471 821 1515 cum
846 1452 911 1514 eius
936 1427 1182 1516 manifestatione
1210 1459 1240 1514 et
1270 1453 1301 1516 in

209 1565 317 1628 virium
343 1564 515 1628 dualitatem
550 1563 753 1644 explicatione
778 1563 897 1626 demum
928 1569 1089 1643 ponuntur.
1142 1563 1203 1624 lam
1227 1581 1302 1626 vero

211 1673 440 1739 evidentissime
468 1674 558 1736 nobis
588 1673 826 1736 demonstratum
853 1691 922 1735 esse
953 1672 1091 1751 videtur,
1124 1690 1185 1734 nnn
1210 1673 1303 1737 modo

213 1784 288 1848 duas
311 1786 403 1850 animi
425 1784 585 1848 facultates
609 1783 704 1846 semel
727 1783 873 1845 excitatas
893 1801 1018 1844 manere
1048 1789 1078 1844 et
1103 1784 1248 1846 continuo
1272 1785 1304 1846 in

210 1911 299 1956 omne
323 1893 394 1956 inde
417 1900 533 1973 tempus
557 1911 768 1973 perseverare,
791 1911 896 1955 verum
920 1892 1009 1954 etiarn
1032 1898 1206 1973 perpetuam
1223 1891 1302 1956 banc

210 2002 409 2082 stabilemque
437 2003 680 2082 permansionem
713 2008 774 2062 tum
807 2002 1014 2064 successionis
1037 2008 1201 2081 perpetuae
1230 2000 1301 2078 (rd-

207 2113 300 2188 ξεως)
329 2119 389 2175 turn
422 2111 530 2175 localis
552 2111 716 2192 positionis
748 2111 874 2173 sormam
905 2129 978 2190 prae
1009 2130 1044 2174 se
1069 2107 1161 2173 lerre.
1207 2111 1301 2174 Cuia

206 2241 254 2285 rue
273 2223 348 2301 puri
368 2241 393 2285 s.
419 2221 603 2283 universalia
628 2220 771 2300 temporie
797 2233 835 2281 uc
856 2219 949 2298 spatii
971 2222 1041 2295 (roi
1062 2222 1121 2280 aaa*
1143 2218 1234 2293 τόπος
1249 2223 1304 2283 nui

205 2330 319 2410 χρόνος
340 2327 453 2409 κοινός)
477 2347 588 2392 nornen
611 2330 688 2407 dari,
712 2346 748 2390 eo
771 2329 930 2409 probatum
953 2343 1022 2391 esse
1044 2329 1193 2407 existimo,
1218 2328 1300 2408 quod

205 2445 275 2504 sunt
296 2439 461 2503 abstractio
490 2440 633 2502 universa
657 2436 843 2520 singularum
868 2438 999 2524 omniurn
1020 2438 1160 2500 mentalis
1181 2442 1315 2518 tempe,

187 2533 250 2613 ¹ris
274 2557 304 2612 et
325 2551 414 2630 spatii
444 2549 709 2631 significationum.
755 2545 832 2610 Hinc
856 2547 977 2610 tandem
1008 2546 1058 2611 via
1082 2543 1172 2609 nobis
1197 2553 1301 2628 aperta

209 2666 256 2722 est
276 2660 313 2721 ad
341 2679 408 2721 eam
431 2660 517 2720 istius
538 2659 683 2738 temporis
706 2677 742 2720 ac
770 2654 858 2738 spatii
883 2653 1132 2738 dispositionem,
1155 2667 1233 2736 quae
1256 2662 1302 2720 est

207 2769 389 2848 gravissima
413 2769 491 2829 etin
514 2766 571 2828 hac
593 2768 773 2847 quaestione
787 2767 932 2845 imprimis
949 2765 1185 2829 consideranda.
1209 2767 1304 2830 Narn-

211 2851 270 2957 que
297 2877 400 2939 varias
426 2875 494 2938 illas
518 2876 682 2938 viventium
699 2877 739 2955 18)
765 2875 855 2938 animi
887 2876 997 2937 virium
1027 2875 1319 2954 manilestationes,

207 2991 352 3066 quatenus
370 2992 399 3047 et
421 2986 652 3047 successionem
668 2985 813 3047 exhibent
832 2990 862 3046 et
877 2985 1119 3061 coexistentiam,
1140 2984 1302 3063 proprium

205 3095 429 3174 sampiniacum
458 3109 635 3176 nuncupare
659 3101 774 3173 tempus
801 3101 829 3154 et
854 3095 985 3173 spatium
1013 3094 1086 3157 licet
1112 3089 1223 3170 (adana
1248 3092 1303 3156 aar*

204 3205 319 3285 χρόνον
342 3201 424 3264 ἴδίον
443 3223 469 3265 S.
493 3207 642 3282 apciton).
686 3205 741 3266 Est
761 3205 840 3266 enirn
864 3205 1000 3282 animus,
1023 3205 1076 3266 ubl
1101 3205 1230 3284 primum
1253 3203 1301 3266 sui

206 3311 445 3391 conscientiam,
470 3329 548 3392 quae
577 3317 624 3374 est
646 3311 713 3373 κατ’
739 3312 849 3394 ἐξοχὴν
874 3307 1041 3396 cogitatio,
1062 3305 1219 3394 amplexus
1242 3318 1299 3391 est,

213 3467 481 3481 ...ψ-ι

306 3557 350 3625 18)
371 3555 417 3606 Est
435 3556 554 3607 nimirum
578 3572 628 3608 nec
648 3557 758 3623 spatium
781 3573 830 3608 nec
850 3564 951 3623 tempus
977 3557 1071 3608 mortui
1095 3557 1227 3626 quidpiam
1253 3572 1300 3610 reu

203 3666 273 3703 mera
292 3650 389 3702 nulllus
409 3653 479 3703 vitae
499 3653 627 3718 particeps
651 3651 747 3717 lomna,
765 3660 790 3703 at
811 3654 871 3704 viva
891 3653 1003 3703 viventis
1022 3653 1143 3721 principii
1162 3652 1298 3718 revelatio,

202 3749 253 3815 qud
279 3747 337 3799 sold
361 3755 462 3799 constat
486 3750 564 3799 aniani
586 3759 612 3801 et
641 3751 693 3800 vita
719 3758 745 3801 et
774 3757 857 3801 motus
885 3757 911 3800 et
937 3750 1055 3813 agitatio.
1093 3749 1122 3800 ln
1148 3752 1299 3802 uuiversum

204 3852 294 3897 contra
313 3859 369 3908 eoa,
391 3845 433 3912 qui
453 3845 572 3896 absoluta
594 3846 672 3897 ullam
692 3848 832 3898 essentiam
851 3854 932 3898 morte
950 3847 1119 3916 obrigescere
1137 3861 1216 3914 posse
1236 3861 1299 3913 per-

204 3941 308 4005 bibent,
329 3942 487 4007 notaverim,
508 3945 533 3993 in
555 3944 645 3996 eodem
667 3959 712 3995 eos
732 3929 820 3995 errore
839 3945 951 4006 versari,
971 3959 1047 4012 quarn
1070 3943 1122 4020 qui
1139 3959 1235 3998 meram
1256 3943 1300 3996 val

205 4035 424 4089 subiectivitatem
449 4036 491 4089 vel
514 4038 718 4089 obiectivitntem
743 4054 790 4105 per
814 4055 842 4089 se
860 4040 973 4090 existere
993 4054 1070 4106 posse
1096 4037 1299 4098 hallucinantur.

206 4133 268 4185 b'anr
289 4143 318 4186 ut
345 4134 396 4187 hae
419 4136 528 4186 seorsim
553 4134 733 4186 consideratae
757 4143 816 4187 sunt
835 4134 990 4187 universalia
1010 4137 1133 4203 cogitatio
1160 4137 1301 4203 abstracta,

211 4232 246 4281 tta
267 4232 358 4282 mortui
381 4231 484 4300 quidvis
503 4229 568 4282 nihil
588 4238 636 4296 eet,
654 4231 704 4285 atsi
720 4229 836 4286 formalis
856 4233 925 4286 vitae
945 4232 1114 4288 connadictio
1135 4240 1162 4286 et
1180 4230 1302 4286 realitate

210 4336 235 4380 et
253 4329 364 4382 veritate
383 4327 514 4382 destituta.
