2910 4698
565 301 774 364 ..33-

114 489 208 554 quum
244 472 357 554 gravia
388 491 526 556 quaeque
558 476 597 542 ed
628 475 707 539 coeli
746 477 876 540 medium
908 495 1028 557 semper
1056 479 1218 560 inmotam,

115 581 198 646 levia
224 581 266 644 ad
287 581 422 648 ultimum
451 583 719 664 immutabilemque
746 585 891 650 coelestis
912 587 1063 668 sphaerae
1089 590 1219 670 superfi-

118 691 200 754 ciem
218 692 371 756 lerantur.
417 693 478 757 Sed
500 694 578 758 haec
600 695 757 758 hactenus.

182 799 219 878 6)
246 801 398 882 Superest
418 809 450 865 ut
480 823 576 884 pauca
599 823 677 885 quae
707 811 824 868 restant
846 807 884 869 de
913 806 1050 887 elaeatae
1077 809 1124 870 rei
1153 809 1219 872 loco

117 909 357 994 subiungamus.
401 911 471 975 Vult
493 914 572 976 enim
594 914 795 993 Aristoteles,
819 916 984 978 continuae
1006 916 1152 998 cuiusque
1174 919 1220 981 rei

116 1025 224 1098 partes
249 1020 283 1082 in
307 1019 378 1082 loco
401 1039 463 1084 non
486 1040 556 1086 esse
578 1024 639 1086 nisi
668 1021 748 1086 κατὰ
772 1025 924 1104 δύναμιν,
948 1027 1092 1108 contigua
1121 1033 1220 1091 eutem

118 1147 156 1190 ac
178 1147 215 1192 se
239 1129 375 1192 invicem
394 1131 551 1213 tangentia
574 1135 641 1194 κοτ’
664 1133 831 1213 ἐνέργειαν.
875 1135 960 1208 Quae
980 1141 1012 1196 ut
1033 1153 1223 1216 percensea-

117 1256 198 1319 mus,
217 1257 353 1304 neoesse
373 1245 420 1304 cst
441 1241 472 1303 in
494 1241 630 1304 continui
651 1244 725 1317 (τοῦ
745 1244 900 1321 συνεχοῦς
923 1247 977 1304 νον·
997 1241 1222 1325 ὁμοιομεροῦς)

118 1354 149 1412 ct
171 1349 317 1430 contigui
339 1345 530 1426 (ἁνιτομένον
550 1368 575 1412 s.
592 1348 692 1433 τίφης)
714 1349 891 1413 discrimine
913 1353 1116 1415 examinando
1136 1354 1225 1434 paul-

118 1455 217 1540 lisper
242 1458 455 1522 subsistamus.
507 1457 707 1536 Continuam,
737 1464 769 1520 ut
800 1460 842 1520 ait
869 1460 1070 1540 Aristoteles,
1102 1463 1133 1525 id
1167 1467 1223 1541 est,

120 1567 206 1646 quod
227 1567 340 1630 haeret
369 1563 440 1648 (,,τὸ
474 1565 508 1627 δὲ
531 1569 661 1646 συνεχές
691 1571 757 1628 ἐστι
788 1570 847 1645 μὲν
880 1563 956 1647 ὅπερ
988 1566 1142 1648 ἐχόμενόν
1172 1578 1224 1632 τι“

118 1675 211 1760 Phys.
230 1678 271 1756 V,
294 1675 350 1755 3),
374 1675 460 1740 cuins
483 1694 522 1738 cx
541 1677 685 1740 extremis
704 1695 775 1740 sese
797 1677 991 1759 tangentibus
1011 1695 1102 1740 unum
1126 1679 1227 1742 idem-

123 1831 425 1845 -ι--ι-ι--ι--ι

122 1935 308 2004 μεσαίτατον
334 1935 385 1985 roi
412 1931 521 2003 κόσμου
549 1937 784 2004 συνερηρεισμένη
814 1936 847 2003 γη
877 1935 957 1986 mina
983 1937 1031 1987 καὶ
1057 1940 1225 2008 περιεσμένη

126 2031 312 2096 συνέστηκεν,
333 2028 503 2094 ἀκίνητος
521 2033 579 2082 καὶ
599 2028 798 2088 ἀσάλευτος
816 2033 863 2082 καὶ
882 2030 953 2082 τοῦτ’
972 2032 1030 2084 ἔστι
1048 2034 1099 2086 τοῦ
1116 2032 1225 2104 κόσμον

128 2115 162 2179 τὸ
186 2127 249 2180 meir
268 2123 314 2196 (l),
334 2122 349 2177 ὃ
368 2124 505 2196 καλοῦμεν
526 2124 634 2187 κάτω,
654 2122 717 2174 ibid.
740 2126 770 2176 2:
794 2128 843 2177 τοῦ
866 2124 895 2176 δὲ
915 2126 1025 2196 κόσμου
1045 2119 1076 2178 τὸ
1102 2126 1156 2197 μὲν
1173 2130 1225 2199 μέ.

132 2237 185 2277 σον
207 2218 384 2284 ιίκίνητόν
402 2236 433 2273 τε
453 2217 493 2274 ὃν
513 2225 570 2272 κοί
589 2217 750 2289 ἑδραῖον,
775 2218 954 2290 ηἰηερίςβιος
973 2223 1065 2288 είίηχε
1083 2221 1125 2291 ηῆ.
1153 2221 1226 2284 Quae

127 2317 238 2385 quidern
259 2316 409 2369 testimonia
423 2331 455 2368 eo
476 2314 543 2366 nihil
564 2315 717 2367 labefactari
738 2322 810 2382 puto,
831 2313 973 2382 quodplur
993 2331 1068 2383 quam
1088 2315 1227 2381 probabile

127 2421 188 2477 est,
213 2406 409 2464 libram'istnm
428 2412 460 2462 ab
483 2411 627 2463 Aristotele
649 2411 866 2475 abiudimndnm,
892 2417 919 2462 et
943 2412 1083 2478 primorum
1109 2417 1226 2476 tempore

128 2508 343 2561 Ptolemaeorum
363 2507 539 2573 conscriptum
559 2507 642 2557 fuisse
669 2507 717 2575 (cf.
736 2505 847 2557 litandis
866 2505 1075 2559 fineen-Rom.
1090 2506 1188 2558 Philon.
1208 2505 1228 2557 l.

127 2605 177 2656 Bd.
201 2605 227 2656 S·
250 2605 307 2656 152.
326 2605 358 2655 A.
371 2610 389 2668 t,
410 2610 436 2654 et
455 2601 699 2655 Scbleiermaclrer:
721 2602 885 2653 Heracleitos
903 2602 949 2653 der
967 2601 1073 2654 Itunlrle
1092 2618 1117 2654 ιι.
1136 2601 1228 2668 Ephe-

129 2716 175 2751 sus
193 2702 229 2751 im
246 2701 311 2752 blus.
330 2699 377 2752 der
394 2698 611 2751 Alttlr.-Wissch.
631 2701 651 2762 l,
670 2699 696 2762 3,
715 2699 803 2749 Berlin
827 2698 904 2763 1808,
922 2712 948 2764 p.
957 2699 1032 2766 322).
1069 2699 1131 2750 Nam
1148 2713 1226 2766 quum

130 2795 247 2862 plurime
267 2796 340 2848 illius
363 2795 424 2848 libri
449 2803 568 2862 apertum
592 2795 779 2847 aristotelicae
804 2793 940 2847 doctrinae
966 2795 1091 2847 indicium
1116 2809 1179 2862 prae
1199 2808 1229 2846 se

130 2891 237 2955 lerunt,
260 2899 313 2941 tum
334 2893 451 2942 resistis
470 2889 536 2942 locis
563 2891 714 2943 confirmata
734 2907 827 2942 novam
848 2892 945 2957 accipit
963 2890 1024 2943 lidei
1049 2892 1228 2942 accessionem

133 2999 167 3035 ex
189 2985 249 3036 aliis
268 2985 344 3048 locis,
363 2986 446 3036 veluti
466 2985 601 3050 l’hys.lV,
614 2988 646 3038 t:
666 2979 697 3038 τὸ
715 2992 804 3056 μέσον
823 2984 1016 3055 ratiocinamini
1033 2990 1081 3039 καὶ
1099 2984 1128 3038 τὸ
1143 2987 1228 3056 ἰσχυ-

134 3098 186 3135 τον
207 3119 214 3132 .
234 3122 240 3134 .
260 3116 268 3132 .
288 3081 366 3135 δοκεῖ
386 3079 460 3133 εἶναι
479 3079 509 3134 τό
526 3082 581 3148 μὲν
601 3080 661 3135 ἅνω
679 3073 710 3134 τὸ
730 3080 760 3134 dl
783 3082 859 3134 κάτω
883 3082 1007 3152 μάλιστα
1026 3081 1100 3134 πᾶσι
1119 3088 1230 3152 κυρίως,

136 3174 181 3231 ὅτι
197 3172 233 3233 rb
249 3179 304 3251 μὲν
325 3177 379 3232 ἀεὶ
397 3183 511 3250 μένει,
531 3177 582 3230 τοῦ
602 3176 632 3231 δὲ
652 3178 753 3231 κύκλου
770 3176 800 3231 τὸ
819 3178 940 3248 ἔσχατον
961 3175 1131 3239 nicodeme
1149 3180 1232 3248 ἔχον

135 3275 242 3346 μένει
261 3275 295 3342 (f.
316 3276 482 3346 ἐχόμενον),
514 3271 574 3326 ibid.
595 3289 617 3324 c.
639 3273 675 3325 5:
701 3275 760 3328 ἔστι
788 3274 818 3327 dl
838 3274 852 3328 ὁ
873 3273 961 3334 τόπος
984 3270 1035 3343 οὐχ
1063 3272 1077 3328 d
1109 3270 1232 3344 οὐρανὸς

139 3362 208 3422 itti
228 3370 276 3424 τοῦ
296 3369 420 3440 οὐρανοῦ
439 3388 467 3422 τι
480 3363 510 3423 τὸ
530 3370 650 3439 ἔσχατον
668 3373 716 3422 καὶ
731 3368 893 3441 ἁπτόμενον
905 3371 956 3422 roi
968 3369 1081 3432 κινητοῦ
1099 3367 1232 3439 σώματος

135 3481 155 3518 τι
167 3469 253 3537 ίρας
271 3465 437 3537 η’ρεμοῦν,
457 3471 484 3517 et
503 3463 556 3516 loci
576 3481 654 3533 supra
672 3464 770 3516 laudati
789 3464 822 3516 de
842 3463 910 3516 coel.
930 3463 962 3526 ll,
982 3466 1005 3515 2.
1024 3461 1106 3513 verba
1130 3465 1168 3532 τῷ
1184 3462 1229 3536 μὴ

135 3566 328 3618 ’κινεῖσθαι
350 3557 434 3620 τούς
456 3560 596 3620 πόλους.
640 3557 741 3610 Confer
768 3574 825 3631 cunr
851 3559 892 3610 his
913 3557 1042 3625 Simplicii
1064 3557 1098 3626 (ί.
1122 3559 1183 3624 136.
1198 3559 1230 3628 b)

135 3655 188 3709 bac
207 3655 240 3709 de
258 3671 287 3708 re
306 3654 405 3708 verba:
425 3651 468 3709 ὅτι
491 3653 623 3721 ἀκίνητος
641 3653 656 3709 ὁ
674 3658 773 3718 νότιος,
795 3659 943 3720 συνίστησι
961 3657 1010 3706 καί
1024 3655 1054 3708 ἐκ
1072 3658 1122 3709 τοῦ
1139 3655 1229 3710 τόπου

136 3753 317 3825 κυριωτάτων
344 3751 512 3823 διαφορῶν·
535 3741 668 3806 ebrardi
690 3744 777 3816 ἦσαν,
805 3749 842 3812 ὥς
866 3753 975 3818 εἴρηται
994 3751 1135 3824 πρότερον
1152 3752 1184 3807 τό
1204 3767 1232 3806 τε

139 3849 266 3908 ἄνοικοι
285 3841 316 3904 τὸ
336 3850 421 3904 uelem.
460 3851 511 3900 καί
527 3867 580 3920 μοι
605 3847 698 3910 δοκεῖ,
716 3844 846 3902 τοιοῦτόν
864 3867 928 3903 τινα
947 3849 1082 3920 συνάγειν
1102 3852 1230 3920 συλλογι-

139 3944 230 4021 σμόν·
261 3944 385 4006 ὃτότιος
410 3934 555 4013 διαφορὰς
575 3946 633 4014 ἔχει
659 3937 690 3998 τὸ
719 3937 893 3998 drexelii
921 3945 1014 4009 κάτω,
1036 3935 1066 4000 τὸ
1087 3941 1233 4016 stammas

139 4046 206 4115 ἔχον
222 4039 254 4099 τὸ
272 4041 335 4099 α’νοι
358 4046 407 4096 καί
428 4035 460 4095 τὸ
481 4041 557 4093 κάτω
580 4035 612 4094 τὸ
629 4045 721 4113 μέσον
738 4045 785 4094 κατ’
809 4037 839 4094 τὸ
858 4042 981 4110 ἔσχατον
1000 4045 1059 4112 ἔχει
1079 4043 1231 4111 διαφοράς,

140 4133 171 4194 τὸ
190 4131 335 4211 διαφορᾶς
353 4139 418 4210 ἔχον
436 4128 468 4193 rd
486 4141 577 4208 μέσον
593 4141 641 4191 κοί
659 4130 691 4193 τὸ
710 4139 832 4207 ἔσχατον
852 4137 1047 4203 ἀκινήτους
1065 4139 1139 4206 ἔχει
1160 4137 1232 4190 τίνο-

140 4236 275 4308 φοράς,
301 4234 333 4291 τὸ
360 4235 550 4300 ἀκινήτους
575 4235 659 4304 ἔχον
679 4229 866 4306 διαφορὰς
887 4231 1059 4301 ἇκίνηιιίν
1079 4231 1232 4299 letand

137 4331 244 4392 τόπος
271 4329 340 4402 ἄρα
366 4328 539 4399 ἀκίνητός
562 4331 673 4387 ἔστιν.

1004 4419 1026 4489 3
