2910 4698
491 245 804 310 ,ών-

146 423 235 490 utens
258 441 323 488 rem
353 425 449 508 ipsam
477 424 675 506 superficies,
707 439 785 505 quae
817 429 864 486 est
897 440 968 504 pars
1000 423 1138 486 universi
1170 423 1245 506 leci,

147 539 358 598 commutatur.
403 534 436 598 si
459 539 557 597 autem
581 551 710 596 vacuum
734 534 889 612 existeret,
912 533 1000 596 loeus
1022 551 1082 596 unc
1100 552 1167 598 cum
1191 555 1246 599 re-

147 645 203 707 bus
229 659 393 723 earumque
415 641 551 723 partibus
571 648 737 705 mutaretur
762 649 791 706 et
814 647 943 705 mutatus
963 642 1054 706 alium
1076 644 1245 724 postularet

147 752 208 816 loci
229 752 342 830 lccum,
366 751 407 814 ita
430 757 463 812 ut
485 753 590 813 essent
611 749 702 812 inulta
722 749 811 812 simul
836 750 915 812 laea.

211 863 247 943 3)
268 862 333 923 Νεε
357 861 471 924 deinde
493 859 623 922 materia
653 860 740 923 locus
772 866 838 939 est,
867 861 1004 941 quamvis
1031 867 1191 942 utrumque
1214 867 1244 924 et

149 971 312 1052 quiescere
334 968 489 1034 immotum
515 976 545 1032 et
572 988 651 1033 nova
673 987 796 1050 semper
820 987 951 1050 corpora
976 970 1116 1050 recipere
1145 988 1244 1034 neca

149 1097 280 1160 corpore
301 1097 432 1161 unquam
455 1079 593 1160 separari
615 1078 765 1172 rideatur.
809 1079 932 1142 Atenim
954 1079 982 1142 si
1005 1096 1062 1159 qua
1092 1098 1143 1142 res
1172 1097 1243 1142 rno-

144 1195 242 1269 vetur,
266 1196 404 1253 movetur
426 1197 456 1253 et
477 1189 605 1252 materia
629 1189 785 1266 continua,
806 1187 893 1251 loeus
917 1188 997 1251 haud
1018 1188 1147 1269 perinde
1155 1211 1164 1266 ;
1190 1188 1241 1254 illa

145 1315 240 1379 perro
268 1307 300 1362 ut
325 1317 396 1380 pers
423 1301 469 1363 rei
496 1300 619 1381 seiungi
646 1299 684 1361 ab
708 1299 766 1362 hae
793 1316 855 1361 nou
878 1304 994 1378 potest,
1018 1305 1119 1380 potest
1140 1306 1240 1364 autem

145 1407 251 1484 loeus3
273 1416 458 1488 postremum
481 1409 532 1472 illa
555 1409 739 1488 continetur,
763 1408 813 1470 hie
834 1426 910 1473 vero
934 1408 1080 1472 continet.

208 1517 244 1593 4)
267 1517 424 1598 Expeditis
445 1520 505 1582 iam
524 1519 621 1581 tribus
636 1518 695 1580 illis
718 1524 857 1598 quartum
878 1523 974 1580 restat
990 1536 1065 1581 vere
1087 1517 1149 1580 leci
1165 1534 1242 1598 pro-

145 1627 262 1708 prium,
286 1627 368 1692 unde
391 1634 437 1692 est
469 1633 636 1690 extremum
666 1645 691 1691 s.
719 1626 864 1688 terminus
895 1627 1072 1690 continentis
1099 1627 1240 1707 corporis

145 1735 301 1818 aequalis,
325 1733 360 1796 τὸ
386 1732 484 1818 πέρας
507 1738 565 1799 τοῦ
586 1733 788 1818 περιέχοντος
810 1735 957 1815 σώματος
974 1743 1024 1817 ¹²).
1078 1738 1240 1800 Verumta-

143 1863 212 1908 men
234 1844 386 1906 hauddum
418 1845 507 1907 ncbis
530 1844 684 1907 absoluta·
702 1851 748 1908 est
775 1843 937 1924 disputatio
968 1844 1006 1906 ad
1034 1843 1239 1908 definiendum

143 1953 245 2016 locum
267 1953 413 2015 instituta.
457 1954 532 2016 Nam
558 1970 647 2033 quum
676 1958 706 2015 et
735 1953 860 2016 materia
889 1953 1048 2034 formaque
1076 1953 1107 2014 iu
1139 1954 1237 2034 spatie

142 2063 230 2143 quasi
264 2069 430 2124 coruscent
472 2068 561 2142 atque
595 2061 799 2124 introlueeaut
841 2061 1174 2147 (παρεμφαίνεσθαι),
1209 2070 1239 2126 ει

142 2188 283 2235 seorsum
307 2190 325 2232 a
350 2171 532 2251 corporibus
559 2187 687 2233 vacuum
717 2173 933 2251 immotumque
955 2189 1025 2234 esse
1045 2170 1237 2234 intervallum

146 2281 297 2359 videatur,
321 2280 410 2344 altius
433 2279 548 2344 intrare
570 2280 600 2342 in
622 2280 683 2342 loci
697 2288 836 2344 naturam
858 2299 914 2362 par
935 2287 991 2344 est.
1021 2281 1097 2343 Dum
1111 2298 1240 2346 vasuna

142 2404 210 2452 eum
232 2409 267 2454 re
290 2396 449 2468 movetur,
473 2390 561 2452 locus
582 2389 672 2470 plane
694 2392 835 2454 immotus
857 2396 1004 2468 remanet,
1026 2390 1106 2452 sicut
1126 2390 1235 2454 lluvius

142 2517 331 2578 oeeanusve,
355 2517 443 2578 quem
465 2499 552 2560 navis
582 2505 776 2580 pervagatur.
821 2499 907 2562 Unde
929 2499 1076 2577 efficitur,
1097 2505 1131 2561 ut
1151 2499 1236 2560 locus

138 2609 179 2672 sit
214 2610 332 2689 primus
366 2607 582 2688 immobilisque
621 2607 767 2670 terminus
801 2607 978 2669 continentis
1012 2607 1152 2686 corporis
1186 2604 1234 2687 (τὸ

138 2719 195 2781 τοῦ
217 2719 416 2798 περιέχοντος
440 2719 537 2799 πέρας
560 2715 707 2800 ἀκίνητον
730 2717 879 2798 πρῶτον).
931 2716 1150 2781 Immobilittttis
1172 2717 1234 2781 loci

139 2827 254 2890 iudicia
277 2832 346 2888 sunt
366 2827 490 2890 stabiles
513 2843 632 2890 sursum
656 2827 861 2906 deorsumque
883 2827 1075 2908 vergentium
1100 2833 1234 2892 motuum

139 2935 296 3014 regiones.
342 2931 453 2996 Gravia
477 2935 557 2995 euim
586 2935 625 2996 ad
647 2936 727 2997 coeli
754 2935 886 2997 medium
912 2936 948 3011 (i.
975 2956 1001 2998 ε.
1034 2936 1072 2997 ad
1102 2943 1232 3016 terram)

139 3042 297 3119 feruntur,
329 3039 408 3101 levia
434 3040 472 3103 ad
501 3039 637 3102 ultimam
669 3040 814 3102 coelestis
846 3041 996 3120 sphaerae
1027 3043 1231 3124 superficiem,

136 3167 266 3234 quorum
288 3168 379 3232 quum
404 3149 477 3212 illud
499 3167 621 3230 semper
644 3149 799 3212 immotum
823 3150 863 3213 sit
886 3155 946 3212 tum
968 3150 1046 3214 haec
1069 3151 1100 3213 in
1124 3153 1231 3218 ecdem

137 3267 295 3342 permanet
318 3263 405 3342 quasi
435 3260 615 3325 directione.
668 3260 820 3336 Quocirca
844 3261 930 3324 locus
960 3268 1007 3325 est
1027 3259 1176 3325 ἐπίπεδόν
1198 3287 1230 3326 τι

131 3366 192 3432 ’κεί
214 3362 279 3434 οἷον
303 3368 426 3450 ἀγγεῖον
450 3371 504 3432 και
525 3370 680 3452 περιέχον,
703 3371 881 3450 superficies
905 3371 986 3435 vasis
1009 3371 1106 3434 instar
1129 3373 1231 3434 conti-

135 3497 212 3542 nens
235 3485 353 3542 etcum
375 3497 409 3542 re
431 3481 594 3542 coniuncta
617 3480 852 3560 quodammodo,
874 3481 984 3560 quippe
1006 3497 1095 3560 quam
1114 3485 1229 3564 tangat,

134 3587 284 3666 terminet,
308 3586 521 3668 amplectatur:
545 3579 612 3668 ἅμα
635 3585 695 3670 γάρ
721 3591 765 3673 τῷ
788 3589 1014 3674 πεπερασμένῳ
1037 3587 1074 3651 τά
1098 3593 1230 3669 πέρατα.

135 3698 219 3772 Quae
241 3715 331 3778 quum
354 3698 394 3760 ita
416 3698 486 3778 sint,
512 3698 715 3780 quodcunque
738 3716 849 3780 eorpus
874 3697 938 3761 alio
958 3698 1058 3762 linitur
1084 3717 1226 3781 corpore,

238 3974 281 4044 12)
306 3962 376 4025 llaec
403 3974 521 4026 delinitio
550 3991 668 4045 magnam
694 3979 770 4029 allent
797 3981 946 4031 memoriam
977 3980 1226 4049 Pytlrngeraeerum,

131 4083 239 4134 quorum
258 4071 335 4122 uobis
356 4074 513 4123 sententiam
529 4073 679 4139 Simplicius
701 4076 745 4146 (ad
764 4077 844 4128 Arist.
866 4076 921 4128 Cat.
941 4081 979 4140 H,
997 4098 1024 4148 y,
1038 4081 1076 4146 2.)
1096 4077 1225 4142 prodidit:

130 4166 157 4216 oi
188 4165 217 4234 dt
247 4170 448 4241 Πυθαγόρειοι
476 4165 527 4226 τὸν
558 4170 669 4227 τόπον
693 4177 804 4243 πέρας
833 4173 967 4230 ἁπάντων
994 4173 1069 4228 εἶναι
1096 4176 1151 4225 τῶν
1176 4171 1224 4228 ὄν·

129 4278 188 4316 των
208 4269 293 4331 φασι.
