2910 4698
233 461 275 524 ita
298 461 329 524 in
352 466 488 543 tempore
510 463 594 543 priu's
623 462 723 541 aliud,
747 463 830 526 aliud
851 464 1006 544 posterius
1021 468 1082 542 ⁷⁰),
1115 469 1248 544 quorum'
1264 469 1329 525 tei-'-

233 573 332 636 minus
359 591 413 635 seu
441 571 510 636 finis
539 573 601 636 illic
624 579 782 654 punctum,
806 573 857 636 hic
888 570 921 636 τὸ
955 575 1011 635 οὖν
1039 579 1095 636 est.
1139 573 1216 634 llinc
1252 573 1328 635 satis

232 681 420 764 agnoscitur,
446 699 508 744 non
529 682 648 764 fugisse
670 683 880 761 Aristotelem,
902 690 1018 763 tempus
1043 683 1191 763 quaedam
1215 694 1329 762 (eaque

234 791 266 852 in
289 797 416 854 externa
447 793 637 872 apparitione
659 793 735 872 sita)
767 809 834 854 oum
868 794 967 873 spatio
1001 794 1173 856 communia
1204 792 1327 856 liaberet

234 899 296 962 lam
318 901 412 982 igitur
430 901 470 964 ad
491 902 586 980 ipsam
607 903 751 981 temporis
774 901 978 964 definitionem
1000 901 1195 966 accedamus.
1224 901 1329 976 Odae-

233 1009 326 1087 ritur‚
350 1025 404 1071 cur
425 1009 504 1071 lianc
528 1010 710 1072 Aristoteles
731 1010 763 1072 in
784 1029 909 1074 numeru
930 1017 1028 1074 motus
1051 1011 1212 1091 posuerit?
1252 1010 1331 1072 Exi-

232 1118 335 1180 stimat
356 1136 441 1197 sane,
466 1119 536 1198 puin
560 1119 626 1199 ipso
650 1125 769 1182 constet
792 1126 874 1182 rnotu
896 1126 1023 1201 tempus,
1047 1119 1078 1182 id
1100 1139 1136 1183 eo
1159 1119 1330 1200 prohiberi,

234 1227 315 1308 quod
346 1235 445 1292 motus
469 1235 610 1292 versetur
637 1230 667 1292 in
691 1236 772 1292 mota
798 1230 927 1310 quadam
958 1230 1083 1292 materia
1111 1230 1154 1292 illi
1177 1230 1327 1307 subiecta,

233 1342 348 1418 tempus
371 1356 446 1402 vero
468 1339 582 1420 ubique
604 1346 634 1402 et
657 1340 689 1402 in
712 1339 852 1402 omnibus
866 1340 905 1403 sit
922 1344 974 1416 ⁷¹).
1020 1340 1113 1414 Quasi
1136 1341 1228 1402 'etiam
1249 1345 1331 1401 tem·

233 1463 288 1527 pus
312 1466 381 1511 esse
410 1455 515 1529 posset
537 1450 653 1530 absque
687 1457 786 1528 motu,
821 1451 906 1513 curius
942 1467 1086 1513 numerus
1116 1451 1236 1513 dicitur.
1280 1448 1330 1516 Ao

233 1561 359 1620 aeterno
383 1558 463 1621 enim
487 1565 517 1620 et
539 1559 724 1640 incorporeo
754 1567 870 1640 tempus
890 1560 987 1640 planis
1018 1560 1120 1622 verbis
1149 1559 1329 1622 excluditur.

234 1665 381 1746 Alterum,
405 1685 465 1748 quo
490 1668 601 1747 utitur,
628 1677 838 1752 argumentum
864 1670 924 1732 hoc
947 1676 1013 1748 est,
1034 1676 1146 1732 motum
1166 1669 1329 1750 quemlibet

234 1783 284 1838 aut
307 1777 447 1839 citiorem
469 1797 539 1841 esse
560 1785 612 1841 aut
636 1780 821 1858 tardiorem,
846 1787 962 1860 tempus
990 1791 1064 1842 vero
1091 1780 1220 1842 eundem
1244 1798 1329 1842 sem·-

234 1903 289 1966 per
313 1904 432 1949 cursum
457 1893 572 1951 tenere.
617 1889 695 1964 Quid
718 1896 816 1954 autem
842 1897 888 1953 est
910 1889 1053 1952 celeritas
1076 1890 1208 1970 quidquc
1229 1869 1328 1951 tardiss

233 1998 280 2057 tas
305 2002 428 2076 praeter
450 2003 580 2076 motum,
605 2017 693 2080 quem
717 1999 860 2078 temporis
885 1999 1036 2062 brevitate
1060 2005 1110 2062 aut
1133 1997 1327 2061 diuturnitate

234 2105 329 2167 metiti
354 2106 485 2168 sumus?
535 2107 647 2170 Annon
675 2114 790 2189 tempus
814 2108 1048 2189 quoquomodo
1073 2107 1215 2170 celeriter
1236 2107 1326 2169 modo

233 2212 315 2275 lente
339 2213 417 2277 elabi
442 2235 478 2277 ao
508 2218 677 2296 praeterire
704 2218 857 2279 dicimus?
902 2217 990 2292 Quod
1025 2222 1177 2296 utcunque
1205 2237 1239 2278 se
1270 2217 1327 2292 ha<

233 2321 302 2401 het,
326 2323 446 2404 planum
479 2332 542 2404 est,
573 2327 759 2391 celeritatem
784 2326 1017 2406 tarditatemque
1040 2326 1117 2388 adeo
1149 2347 1164 2387 a
1193 2333 1328 2405 temporo

233 2450 295 2494 non
321 2452 391 2495 esse
413 2433 549 2513 alienas,
574 2443 606 2496 ut
628 2442 725 2498 motus
755 2454 810 2516 per
841 2453 875 2497 se
899 2435 1041 2516 propriae
1071 2435 1151 2511 sint,
1181 2436 1326 2515 temporis

234 2548 334 2604 autem
366 2542 463 2604 ictinus
487 2547 539 2620 72).
595 2545 627 2606 ln
662 2551 725 2607 tota
755 2545 813 2606 hac
845 2544 1107 2626 argumentatione
1133 2544 1326 2621 Aristoteles,

226 2701 529 2719 —u--u——u—

336 2791 384 2858 70)
406 2788 484 2853 l'hys.
506 2787 551 2852 lv,
574 2790 622 2838 ll:
653 2790 732 2842 inci
755 2789 780 2840 d'
801 2793 837 2845 dv
856 2795 899 2862 api
917 2797 1068 2864 μεγέθει
1087 2792 1161 2842 luri
1187 2786 1222 2841 ud
1242 2787 1326 2856 πρό-

235 2901 343 2955 τερον
364 2888 425 2937 troi
452 2878 487 2937 τὸ
516 2881 689 2952 ὕστερον,
717 2881 825 2954 ἀνάγκη
844 2892 891 2940 καὶ
910 2889 941 2942 ἐν
959 2887 1067 2953 κινήσει
1085 2882 1160 2940 εἶναι
1178 2877 1207 2937 τὸ
1227 2881 1328 2951 npo'rr·

236 2975 287 3051 pou
306 2984 351 3033 καὶ
373 2975 500 3049 ὕστερον.
539 2975 610 3031 utut
630 2971 687 3053 μὴν
707 2986 751 3033 ani
778 2985 813 3037 ἐν
838 2983 957 3054 χρόνῳ
982 2986 1059 3038 ἐστὶ
1081 2977 1119 3034 ad
1148 2975 1329 3049 πρότερον

235 3081 295 3130 xci
315 3075 468 3146 ὕστερον
487 3068 547 3127 duri
567 3073 605 3129 τὸ
629 3075 844 3131 ἀκολουθεῖν
863 3079 907 3132 ciet
925 3083 1038 3149 θατέρῳ
1058 3077 1180 3143 θάτερον
1199 3073 1300 3127 αὐτῶν.

336 3173 381 3238 71)
406 3169 493 3243 ἡμὲν
512 3165 563 3225 οὖν
582 3170 701 3226 ἑκάστου
719 3163 858 3245 μεταβολὴ
883 3179 931 3226 καὶ
950 3179 1057 3239 κίνησις
1076 3175 1106 3227 ἰν
1124 3171 1200 3240 rcu’rpi
1220 3173 1257 3240 api
1276 3185 1327 3240 με·

236 3267 398 3338 ιορᾰλλοντί
414 3269 473 3322 ἐστι
489 3268 582 3341 μόνον
602 3307 607 3319 .
627 3307 633 3319 .
657 3307 663 3320 .
684 3309 689 3320 .
716 3269 780 3322 o‘dl
801 3269 903 3341 χρόνος
923 3268 1026 3340 ὁμοίιος
1051 3275 1098 3323 καὶ
1118 3269 1262 3337 πανταχοῦ
1283 3267 1329 3318 καὶ

234 3362 312 3434 παρὰ
332 3363 430 3419 πᾶσιν.
1265 3430 1269 3434 ,

338 3459 386 3529 ta)
405 3459 563 3511 Nonnulliua
590 3459 641 3509 erit
664 3458 803 3522 momenti,
830 3473 862 3508 cx
886 3457 1029 3508 Aristotele
1052 3458 1095 3508 liic
1117 3458 1243 3525 quaedam
1266 3470 1329 3523 pro-

235 3553 314 3620 lerre,
333 3571 348 3606 e
368 3555 462 3622 quibus
484 3555 618 3623 cognitum
636 3553 689 3618 liat,
709 3569 742 3605 ne
761 3550 835 3604 illurn
854 3553 958 3622 quidem
976 3553 1122 3605 firmissime
1134 3553 1330 3604 distinctionem

235 3653 361 3717 temporis
381 3665 396 3702 a
417 3657 488 3701 motu
508 3651 634 3701 tenuisse.
670 3649 734 3702 llam
752 3647 797 3701 ubi
816 3650 849 3701 de
870 3649 1007 3718 singulari,
1028 3666 1078 3717 qua
1098 3657 1200 3715 tempus
1218 3647 1327 3715 polleat,

234 3746 262 3797 vi
282 3743 439 3797 conficiendi
459 3743 580 3810 disserit,
600 3741 666 3796 haec
687 3745 751 3796 lacit
772 3743 868 3796 verba:
897 3743 1020 3815 α’ριθμὸς
1045 3743 1102 3816 γὰρ
1123 3748 1258 3811 κινήσεως
1278 3746 1328 3813 (sc.

236 3840 399 3911 dppdrorl·
426 3839 490 3906 οἶδὲ
508 3843 618 3907 κίνησις
636 3843 757 3907 ἐξίστησι
777 3833 809 3894 τὸ
831 3837 962 3912 ὑπάρχον
985 3842 1002 3892 i.
1025 3857 1039 3892 o
1068 3847 1207 3907 propterea
1226 3847 1330 3906 tempus

235 3937 345 3987 interire
364 3937 451 3986 omnia
470 3935 549 4001 lacit,
569 3936 638 4004 quod
658 3944 697 3988 est
716 3943 802 3988 motus
820 3952 961 4003 numerus3
988 3945 1073 3988 motus
1091 3938 1161 3988 enim
1180 3951 1222 3988 res
1241 3932 1329 3988 dimo-

234 4037 280 4083 vet
299 4037 326 4080 et
345 4032 419 4097 quasi
438 4031 559 4084 extrudit.
606 4034 789 4085 Verumtamen
809 4049 870 4084 num
891 4031 942 4085 iarn
968 4033 1044 4099 inde,
1065 4031 1135 4100 quod
1154 4040 1239 4084 nrotus
1256 4033 1332 4084 eiua-

234 4122 304 4177 modi
324 4127 450 4180 facultate
470 4130 603 4196 praeditus
626 4138 676 4196 est,
702 4131 830 4198 sequitur,
845 4123 919 4180 ¹idern
938 4130 965 4178 in
985 4136 1086 4194 tempus
1107 4127 1210 4192 cadere,
1229 4143 1330 4179 merum

234 4219 337 4274 scilicet
363 4238 498 4276 numerum
528 4233 616 4276 motus
640 4241 655 4276 a
683 4231 773 4276 mente
799 4221 976 4290 suspensum?
1030 4222 1087 4272 lluc
1115 4223 1219 4274 accedit
1246 4229 1331 4273 totum

234 4317 327 4384 capitia
350 4321 390 4369 11.
411 4318 483 4390 (libri
503 4320 547 4373 lV.
568 4319 660 4388 Phys.)
685 4319 788 4370 initium
812 4316 857 4368 ubi
876 4330 966 4384 parem
987 4322 1072 4369 matur
1090 4323 1117 4368 et
1136 4314 1261 4386 temporis
1286 4331 1333 4370 ra.
